5250 6350
1187 640 1221 651 -
1256 607 1341 666 06111
1377 639 1411 652 -

680 782 771 822 errore
784 767 853 836 6666
870 764 978 821 librarii
997 766 1117 821 relatam
1135 766 1171 821 ad
1184 765 1402 835 Constantium),
1422 766 1491 822 item
1509 784 1603 824 omnes
1621 785 1646 822 6.
1659 765 1719 834 363,
1736 766 1823 824 etiarn
1835 766 1908 824 diem
1923 766 2027 823 baben·

680 854 722 909 666
740 851 800 908 6166
817 851 901 907 morti
920 850 1110 922 posteriorem.
1145 851 1199 909 1116
1217 870 1328 922 quoquo
1351 852 1381 907 ni
1400 853 1483 908 fallor
1501 853 1699 924 compilatoroe
1716 871 1750 910 ex
1768 852 2022 925 subscriptionibus
2111 929 2115 939 Ι

679 938 876 1009 inscriptiones
894 940 1109 1008 composnemnt
1126 957 1181 994 non
1199 939 1379 995 attendentes
1397 940 1543 995 adrerum
1563 938 1721 996 veritatam.

577 1040 710 1079 rovrnsvs
727 1025 789 1090 (363
807 1025 866 1079 166.
878 1024 910 1078 31
922 1022 1017 1077 -364
1036 1024 1115 1078 Febr.
1131 1025 1182 1091 16).

648 1106 756 1163 Ioviani
775 1126 873 1163 nomen
893 1126 960 1177 prae
980 1126 1008 1162 sc
1026 1110 1120 1163 icrunt
1138 1110 1209 1163 dnae
1227 1110 1303 1162 solae
1323 1107 1537 1164 constitutiones
1555 1108 1614 1164 dies
1632 1110 1769 1165 habentos
1791 1130 1817 1166 6.
1830 1111 1882 1167 864
1901 1111 1980 1166 Febr.
1995 1112 2026 1164 13

682 1195 712 1247 66
729 1209 754 1245 6.
766 1192 817 1246 864
836 1191 913 1261 Sept.
927 1192 969 1246 37.
1001 1192 1032 1245 16
1050 1209 1124 1246 6666
1142 1210 1175 1248 co
1194 1192 1267 1249 inter
1285 1190 1432 1247 Iovianum
1450 1195 1481 1248 66
1493 1192 1723 1249 Valentinianum
1742 1192 1937 1251 distribuendo
1955 1210 2026 1250 com-

681 1275 817 1347 pilatores
835 1294 925 1347 66666
945 1294 1023 1331 veros
1041 1275 1101 1333 6166
1119 1276 1208 1333 secuti
1228 1281 1294 1334 sunt
1312 1294 1402 1347 66666
1421 1296 1505 1333 unum
1524 1281 1693 1336 constanter.

579 1380 800 1419 summissas
818 1381 827 1418 r
846 1364 908 1430 (304
927 1363 1006 1419 Febr.
1020 1364 1096 1419 30-
1107 1364 1157 1417 376
1177 1365 1248 1420 Non.
1264 1365 1316 1434 17).

647 1448 863 1506 Valentinianus
882 1449 911 1505 in
929 1449 1110 1521 praescriptis
1133 1450 1293 1507 rrorrrinatur
1317 1451 1381 1508 inde
1404 1450 1556 1508 6616364
1576 1452 1634 1507 lan.
1648 1454 1678 1508 11
1697 1453 1733 1508 ad
1752 1453 1840 1509 6375
1864 1457 2027 1511 extremum.

577 1554 684 1593 vacere
700 1537 762 1605 (364
780 1537 862 1593 Mart.
876 1537 911 1593 38
922 1569 954 1579 -
963 1537 1015 1593 378
1034 1538 1104 1609 Aug.
1118 1538 1151 1601 9).

648 1623 778 1682 Valentis
794 1642 894 1681 nomen
913 1623 1128 1681 constitutiones
1151 1643 1218 1697 prae
1236 1643 1265 1682 66
1285 1627 1378 1703 166666
1399 1625 1464 1683 1666
1487 1643 1505 1681 6
1522 1625 1569 1684 616
1586 1626 1638 1707 364
1649 1626 1713 1692 ,166
1727 1628 1762 1684 11.
1777 1628 1814 1684 66
1833 1645 1858 1684 a
1869 1628 1922 1685 378
1939 1631 2027 1686 extre·

681 1730 766 1781 mum,
783 1710 870 1768 etiem
889 1710 1006 1768 66116666
1025 1711 1091 1783 6666
1108 1711 1184 1767 diem
1202 1711 1308 1768 mortis.
1398 1731 1400 1733 ·
1465 1727 1468 1736 “
1565 1723 1569 1739 ·
1607 1710 1610 1735 ¹
1647 1704 1654 1742 ⁵
1821 1704 1823 1707 ⁸
1874 1717 1878 1724 '
1940 1705 1944 1731 ³

577 1816 734 1855 66666666
751 1798 814 1867 (867
833 1799 903 1869 Aug.
917 1799 951 1851 35
964 1829 992 1838 -
1004 1798 1055 1854 333
1073 1798 1145 1870 Aug.
1157 1800 1212 1867 35).

647 1884 813 1941 Gratianum
832 1885 969 1955 quomodo
996 1884 1172 1957 praescripta
1190 1885 1346 1943 admittant
1365 1886 1409 1942 661
1433 1886 1580 1952 omittant.
1607 1887 1644 1943 ad
1666 1878 1792 1959 singulae
1813 1887 2028 1945 constitutiones

682 1973 809 2029 declarat
826 1972 979 2029 laterculus
998 1972 1107 2029 1666166.
1144 1973 1364 2031 constitutiones
1386 1991 1411 2030 a
1425 1974 1477 2030 366
1499 1991 1554 2031 666
1578 1991 1685 2045 paucae
1707 1972 1737 2029 in
1760 1973 1942 2047 praescriptis
1964 1993 2027 2031 cum

681 2059 840 2135 adiungunt
859 2058 993 2133 16666616
1011 2060 1132 2126 dnobus,
1150 2078 1320 2132 qrrrrnrqnarn
1339 2078 1372 2118 66
1390 2078 1463 2117 6666
1482 2059 1542 2133 ipse
1561 2059 1704 2133 Angustus
1727 2077 1780 2117 non
1803 2060 1871 2130 1616,
1893 2059 2026 2134 quoniam

686 2150 714 2206 in
732 2148 987 2222 subscriptionibus
1004 2147 1165 2204 nominatur
1183 2150 1283 2220 utpote
1302 2150 1399 2206 consul
1418 2148 1479 2207 eius
1495 2148 1571 2205 anni.
1602 2148 1645 2204 Ab
1663 2166 1794 2217 666666,
1812 2167 1867 2221 666
1885 2145 2028 2223 66666666

682 2239 774 2294 166666
791 2240 846 2302 666,
870 2234 1020 2292 Gratianus
1044 2234 1071 2290 in
1094 2235 1276 2306 praescriptis
1300 2235 1437 2291 nominari
1461 2237 1609 2293 66166666
1632 2236 1721 2290 solum
1744 2237 1810 2292 dum
1832 2235 1954 2302 6661616,
1979 2236 2027 2292 sed

682 2319 767 2376 ctiam
787 2322 852 2391 poet
870 2321 986 2375 mortem
1005 2337 1055 2389 per
1073 2336 1098 2372 6.
1110 2318 1162 2373 334
1181 2318 1308 2389 exceptis
1328 2319 1522 2375 tantummodo
1540 2320 1789 2376 constitutionibus
1806 2321 1896 2377 tribus
1912 2323 1965 2389 (15,
1976 2323 2025 2386 3,1

683 2406 713 2457 66
731 2404 798 2457 1666
812 2404 835 2465 1,
848 2405 887 2468 16,
900 2405 910 2457 1
930 2407 961 2458 ct
973 2404 1039 2457 lust.
1052 2403 1126 2467 1,48,
1136 2405 1174 2467 3),
1193 2404 1269 2466 item.
1289 2420 1459 2471 quamquam
1477 2422 1530 2458 non
1550 2404 1593 2458 ita
1610 2408 1778 2469 constanter,
1797 2422 1847 2475 per
1858 2424 1883 2459 6.
1896 2406 1955 2460 385.
1967 2407 2027 2461 336.

683 2486 726 2542 116
749 2503 774 2540 6.
794 2486 865 2554 1666,
876 2486 927 2541 887
946 2486 1058 2541 tollitur
1077 2485 1205 2541 Gratiani
1229 2503 1343 2551 nomem
1367 2489 1443 2543 certe
1466 2486 1509 2543 166
1531 2486 1684 2557 6166661666
1708 2493 1752 2545 est
1775 2488 1876 2545 titulus
1899 2490 1965 2553 131
1991 2489 2028 2542 ed
2102 2517 2104 2524 ,

683 2570 894 2641 compositionis
906 2570 982 2642 leges
995 2569 1200 2642 intellegendas
1213 2571 1336 2627 omnium
1353 2570 1475 2629 maxime
1493 2574 1586 2643 66666,
1604 2590 1655 2630 666
1667 2572 1807 2646 reperitur
1818 2577 1917 2646 postea
1928 2591 2028 2630 nomen

683 2658 786 2715 diserte
803 2656 990 2722 enuntiatum.
1009 2676 1179 2729 quamquam
1200 2677 1250 2730 per
1266 2658 1414 2716 formulam
1432 2658 1501 2714 1666
1514 2658 1603 2714 ΔΑΑ.
1617 2658 1756 2718 incuriose
1774 2660 1924 2718 admissam
1941 2658 2028 2718 etiem

684 2749 782 2817 postea
805 2746 886 2802 66666
908 2746 1005 2811 (3,1,6
1031 2776 1062 2787 -
1086 2747 1188 2811 7,1,13
1213 2777 1245 2787 -
1266 2748 1291 2813 3,
1303 2749 1326 2811 Ι,
1338 2748 1369 2803 17
1395 2777 1428 2786 -
1454 2746 1575 2813 13,18,6
1596 2776 1629 2787 -
1655 2748 1772 2814 16,5,14
1794 2779 1828 2789 -
1852 2750 1892 2815 16,
1902 2750 1927 2814 5,
1939 2748 1972 2804 15
1994 2779 2028 2788 -

684 2834 758 2898 16,5,
772 2834 804 2889 13
819 2864 850 2872 -
866 2833 1018 2903 10,10,10).
1036 2862 1070 2872 -
1089 2832 1145 2889 Ubi
1164 2832 1206 2890 166
1224 2851 1275 2905 per
1292 2851 1318 2889 6.
1331 2833 1390 2890 384.
1409 2834 1468 2888 883.
1485 2834 1538 2890 336
1557 2832 1708 2891 Gratianus
1727 2834 1828 2901 6611616
1847 2834 2029 2893 substituitur

682 2918 871 2976 6166666166.

580 3022 806 3061 rsosarmmnre
823 3022 845 3060 n
863 3004 925 3073 (875
943 3005 1165 3061 116633-333
1183 3004 1249 3060 1161.
1265 3006 1317 3069 15).

649 3089 865 3147 Valentinianus
886 3090 912 3144 11
939 3089 968 3144 16
990 3089 1174 3161 praescriptis
1194 3090 1357 3146 nominatur
1378 3092 1414 3146 ab
1439 3090 1524 3147 initio
1546 3110 1571 3146 6.
1588 3093 1640 3147 376
1663 3109 1716 3147 666
1740 3091 1828 3147 solum
1853 3092 1890 3146 66
1911 3094 2028 3147 mortem

681 3194 781 3246 66666,
804 3176 852 3232 sed
871 3173 958 3231 ctiam
977 3179 1177 3245 postmortem
1200 3194 1251 3247 per
1268 3193 1293 3231 6.
1306 3177 1359 3231 833
1376 3179 1531 3232 extremum
1550 3181 1580 3233 et
1597 3177 1687 3233 6333
1705 3196 1805 3234 nomen
1824 3178 1926 3233 diserte
1945 3196 2029 3233 enun-

683 3260 1987 3331 6166661,13,4-3,1,7-3,15,1-7,4,18-7,8,4-7,3,8-16663,13,35.

581 3367 747 3408 rnmmsrvs
766 3368 776 3406 1
794 3351 854 3419 (373
876 3348 1085 3406 16613-336
1105 3349 1227 3419 16617).

649 3439 822 3497 'l'beodosins
840 3437 922 3498 adcst
940 3437 969 3496 16
988 3437 1171 3511 pnscacriptis
1189 3439 1226 3497 ab
1245 3457 1270 3496 a
1282 3438 1336 3498 370
1354 3439 1390 3496 ad
1409 3440 1498 3497 6334
1517 3444 1678 3499 extromum.
1714 3439 1817 3499 l'ontoa
1835 3459 1925 3513 66666
1944 3438 2029 3497 norm-

686 3531 772 3585 natur
784 3527 813 3585 in
826 3526 925 3600 paucis
937 3526 1187 3585 constitutionibus
1203 3527 1311 3587 66ιί6616
1329 3546 1354 3585 6
1364 3529 1415 3586 335
1434 3547 1467 3587 66
1480 3527 1628 3587 etiamtum
1642 3529 1707 3587 vivo
1719 3548 1809 3601 66666
1822 3533 1887 3602 6666
1900 3533 2029 3594 mortam:

683 3634 749 3671 nam
767 3614 914 3688 inscriptio
929 3615 1029 3681 1,14,3
1047 3616 1110 3673 tota
1127 3617 1262 3687 corrupta
1279 3620 1331 3673 est.
1362 3616 1492 3673 Formula
1506 3636 1617 3688 666666
1636 3616 1705 3673 iden
1717 3616 1780 3672 AA.
1793 3636 1855 3674 raro
1869 3619 1939 3686 (1,3,
1952 3619 1985 3674 10
1997 3649 2030 3658 -

682 3704 779 3773 3,1,7)
798 3703 841 3758 ita
859 3702 954 3774 posita
971 3707 1022 3767 est,
1041 3706 1074 3758 66
1091 3703 1128 3757 66
1140 3700 1328 3759 Theodosium
1343 3705 1354 3758 1
1368 3702 1516 3774 perveniat
1532 3723 1632 3771 errore,
1650 3708 1680 3762 ct
1697 3702 1738 3760 ibi
1758 3704 1960 3770 tantummodo,
1980 3703 2029 3759 ubi

684 3806 760 3846 error
776 3789 851 3845 redit
868 3789 905 3844 66
923 3788 1055 3846 breviarii
1074 3788 1257 3847 ordinatores.

580 3875 906 3948 (6661666(884-838)
924 3893 980 3930 666
998 3877 1162 3947 comparet]

580 3980 719 4018 sacamvs
735 3962 798 4032 (883
817 3961 874 4017 Ian.
890 3961 964 4017 16-
974 3962 1026 4017 468
1043 3961 1157 4032 Maii).

647 4049 701 4105 Per
718 4065 743 4104 6
754 4049 814 4105 384.
833 4047 892 4104 385.
911 4048 963 4102 386
980 4048 1017 4102 66
1029 4047 1171 4119 Augustos
1183 4049 1416 4105 Valentinianum
1430 4051 1455 4105 ll
1474 4054 1505 4108 66
1516 4049 1704 4105 Theodosium
1723 4049 1771 4104 661
1791 4067 1846 4105 666
1865 4047 2032 4120 adiungitur

682 4134 835 4190 Gratianus
853 4152 878 4188 6.
892 4134 943 4189 383
961 4133 1121 4197 defunctus.
1146 4134 1186 4189 ibi
1212 4133 1238 4191 61
1257 4135 1452 4202 substituitur,
1475 4139 1507 4191 66
1529 4153 1615 4206 supra
1633 4134 1766 4197 dirimas.
1789 4134 1935 4189 Arcadius.
1973 4133 2031 4188 Ali·

684 4218 795 4288 quoties
812 4218 933 4286 (66111666
950 4219 974 4284 3,
984 4220 1053 4284 37,5
1072 4250 1104 4260 -
1124 4221 1148 4284 3,
1158 4220 1227 4284 38,3
1246 4251 1278 4261 -
1295 4221 1321 4283 8,
1332 4222 1355 4284 7,
1368 4222 1399 4277 16
1415 4252 1443 4262 -
1457 4222 1483 4287 8,
1494 4223 1517 4286 7,
1530 4223 1562 4277 18
1577 4252 1607 4261 -
1620 4223 1645 4285 3,
1656 4221 1726 4284 37,6
1742 4220 1788 4287 (61.
1802 4221 1869 4275 1666
1881 4223 1906 4283 3,
1916 4221 1985 4285 37,8
1998 4250 2031 4259 -

684 4307 751 4361 1666
772 4306 863 4370 11,63,
872 4306 899 4374 7)
923 4323 973 4374 per
994 4306 1105 4360 eosdem
1127 4323 1214 4362 annos
1236 4307 1295 4362 884.
1314 4308 1374 4362 885.
1391 4308 1456 4371 386,
1486 4307 1535 4363 661
1559 4307 1732 4378 praecedunt
1753 4306 1852 4375 imppp.
1870 4306 2031 4371 Gratianus,

691 4390 902 4446 valentinense
919 4396 945 4444 66
960 4390 1132 4458 Theodosius)
1145 4390 1235 4445 AAA.
1249 4392 1305 4458 (vel
1321 4393 1396 4461 ΛΑ.)
1415 4392 1530 4449 additur
1547 4398 1571 4446 et
1588 4391 1725 4446 Arcadias
1741 4392 1791 4457 A.,·
1807 4392 1856 4447 sed
1874 4391 1951 4445 nullo
1970 4390 2032 4446 loco

686 4477 784 4533 borum
803 4477 938 4543 quattuor
957 4475 1146 4545 Augustorum
1164 4473 1278 4531 aomina
1300 4475 1404 4532 diserte
1426 4477 1609 4533 enuntiantur
1628 4476 1785 4531 coniuncta
1822 4477 1865 4530 Ab
1877 4494 1912 4532 .6.
1925 4476 1975 4530 387
1994 4476 2030 4530 66

688 4577 714 4613 6.
726 4559 778 4614 407
801 4558 1047 4621 conterendam
1066 4559 1105 4638 in
1118 4577 1190 4616 enno
1209 4564 1333 4617 extremo
1350 4562 1402 4619 408
1424 4562 1506 4618 modo
1524 4563 1617 4627 adest,
1640 4561 1722 4617 modo
1744 4562 1837 4624 abeet;
1859 4561 1940 4616 adest
1963 4559 2031 4615 itum

687 4645 717 4701 in
735 4645 844 4702 duabus
862 4643 1110 4702 constitutionibus
1128 4663 1153 4701 6
1166 4647 1218 4703 403
1238 4646 1281 4702 vel
1300 4664 1326 4702 6.
1340 4649 1391 4705 412
1409 4650 1444 4717 (3,
1454 4648 1522 4714 37,4
1544 4680 1572 4690 -
1597 4650 1636 4714 11,
1648 4649 1688 4714 16,
1697 4649 1750 4718 38).

583 4735 728 4806 [crassive
748 4735 915 4805 (333-834)
934 4752 989 4789 666
1007 4734 1170 4805 comparet}

582 4839 721 4877 nonomvs
740 4822 804 4891 (898
821 4821 893 4877 Nor.
905 4822 939 4877 30
949 4852 981 4862 -
992 4821 1043 4877 433
1062 4821 1133 4894 Aug.
1149 4823 1199 4893 15).

651 4906 788 4966 lionorius
800 4927 969 4981 quamquam
983 4910 1126 4983 Angustus
1143 4910 1237 4967 166666
1254 4914 1298 4968 666
1316 4928 1341 4967 a.
1354 4911 1528 4967 (1666666333
1548 4911 1618 4967 Nor.
1631 4911 1673 4976 30,
1693 4908 1720 4965 16
1741 4907 1922 4981 praescriptis
1940 4926 1965 4963 6
1980 4908 2029 4965 831

686 4998 779 5054 66333
791 4997 873 5053 modo
885 4995 1071 5063 nominantur,
1091 5000 1221 5068 utsupra
1235 4996 1341 5054 dictum
1358 5002 1409 5064 666
1424 4996 1639 5054 Valentinianus
1653 4997 1677 5052 ll
1697 4994 1870 5053 ’1666666166
1889 4994 2033 5060 Arcadius,

687 5084 768 5141 modo
791 5083 964 5142 Theodosius
987 5082 1125 5141 Arcadios
1148 5083 1295 5143 Honorias.
1335 5084 1378 5141 llb
1403 5085 1492 5142 6334
1516 5084 1552 5141 66
1575 5103 1601 5142 a.
1616 5085 1668 5143 433
1693 5087 1847 5141 extremum
1872 5086 2034 5142 constanter

687 5172 855 5230 nominatur.

583 5277 750 5315 ramnosrre
768 5276 788 5314 n
808 5259 871 5325 (408
888 5257 983 5314 11611
1005 5258 1041 5315 66
1061 5259 1161 5327 daem).

653 5345 750 5403 Errare
760 5343 935 5402 ’1666666166
948 5346 973 5399 11
986 5345 1147 5402 nominator
1159 5364 1221 5404 cum
1233 5346 1353 5403 Arcadio
1365 5350 1396 5403 66
1405 5345 1527 5402 Honorio
1540 5346 1568 5402 in
1582 5345 1783 5404 constitutione
1795 5364 1820 5403 6
1828 5349 1880 5404 405
1890 5350 1926 5416 (3,
1933 5347 2034 5416 nalo).

687 5433 717 5490 16
736 5432 986 5492 constitutionibus
1004 5433 1094 5491 6408
1111 5434 1193 5491 modo
1212 5434 1301 5501 abest,
1321 5432 1402 5492 modo
1420 5433 1509 5502 66666,
1528 5432 1660 5510 deinceps
1679 5433 1760 5494 adest
1778 5437 1948 5493 constanter.
