5250 6350
1256 636 1419 699 ..χ-

697 818 772 861 rure.
785 802 971 874 rasomosrvs)
991 820 1024 859 ar
1041 802 1285 872 ermedramnus)
1302 821 1350 858 ss.
1369 818 1520 858 emeseno
1543 801 1718 874 stanneum)
1735 801 1907 875 daemonio
1929 820 1998 863 oeni

611 891 701 964 Saepe
712 895 808 949 nostra
819 889 971 948 clementia
982 889 1134 956 dubitavit,
1153 907 1225 960 quae
1244 906 1330 945 causa
1348 888 1462 955 taceret,
1480 892 1514 944 ιιι
1527 887 1621 945 tantis
1639 889 1793 961 propositis
1806 891 1947 962 praemiis,
1955 903 2008 962 qm

611 984 687 1037 artes
710 982 740 1036 et
762 976 857 1033 studia
881 976 1055 1042 nutriuntur,
1080 980 1140 1032 tam
1164 974 1249 1046 pauci
1272 974 1385 1044 rarique
1403 974 1551 1031 extiterint
1569 974 1619 1045 qui
1641 975 1725 1046 plene
1743 976 1812 1032 iuris
1830 977 1924 1033 civilis
1941 978 2031 1035 sciens

612 1064 780 1130 ditarentur,
804 1067 835 1120 et
856 1061 886 1117 in
904 1065 985 1118 tanto
1003 1059 1230 1116 lucubrationum
1251 1059 1328 1115 tristi
1351 1057 1460 1129 pallore
1479 1058 1525 1113 rix
1544 1077 1615 1114 unus
1639 1062 1690 1114 aut
1715 1059 1790 1116 alter
1811 1060 1952 1132 receperit
1968 1061 2046 1117 solid.

580 1153 702 1209 ltetem
720 1148 864 1221 perfectae
881 1146 1033 1203 doctrinae.
1104 1144 1184 1211 Quod
1201 1162 1236 1202 ne
1254 1162 1272 1201 a
1289 1162 1432 1215 quoquam
1449 1144 1569 1202 ulterius
1585 1145 1684 1202 sedula
1704 1144 1894 1219 ambiguitate
1916 1150 2049 1204 tractetur

613 1236 637 1292 si
655 1234 738 1307 copie
756 1234 882 1292 inmense
899 1233 1045 1302 librorum,
1067 1232 1092 1288 ei
1113 1231 1256 1289 actionum
1279 1230 1430 1287 diversitas
1453 1230 1661 1302 difficultasque
1679 1250 1826 1290 causarum
1843 1232 1945 1290 animis
1961 1232 2055 1290 nmtri

614 1327 750 1389 occurrat,
768 1322 793 1377 ei
811 1320 932 1391 denique
949 1320 1037 1376 moles
1054 1318 1289 1375 constitutionum
1308 1317 1454 1385 divalium,
1473 1335 1546 1388 quae
1560 1318 1638 1375 velut
1656 1319 1708 1375 sub
1727 1336 1821 1376 crassa
1839 1319 1980 1377 demersae
1998 1319 2064 1376 celi·

613 1409 679 1482 gine
697 1406 880 1465 obscuritatis
895 1406 969 1463 vallo
987 1406 1031 1462 eui
1049 1404 1181 1462 notitiam
1199 1404 1329 1462 humanis
1347 1404 1469 1477 ingeniis
1490 1404 1658 1473 interclusit
1680 1424 1774 1463 verum
1793 1405 1902 1480 egimus
1920 1407 2064 1480 negotium

614 1496 749 1569 temporie
765 1495 854 1552 nostri
872 1499 902 1552 et
919 1493 1052 1551 discussis
1070 1493 1193 1551 tenebris
1211 1492 1366 1565 conpendio
1385 1492 1536 1551 brevitatis
1553 1493 1647 1550 lumea
1665 1494 1778 1567 legibus
1801 1493 1941 1564 dedimus,
1966 1494 2065 1552 electis

614 1584 683 1642 viris
705 1582 847 1641 nobilibus
868 1582 1031 1654 exploratae
1054 1580 1131 1648 fidei,
1154 1581 1277 1639 famosus
1299 1580 1459 1649 doctrinae,
1477 1581 1579 1653 quibus
1602 1582 1735 1655 delegata
1753 1600 1841 1641 censa
1859 1582 1953 1641 civilis
1971 1581 2065 1649 olllcii,

613 1677 736 1745 purgate
756 1670 1003 1743 interpretatione,
1026 1673 1101 1727 retro
1124 1668 1285 1741 principum
1302 1668 1377 1727 scita
1397 1669 1587 1742 vulgavimus,
1612 1688 1648 1727 ne
1672 1669 1741 1726 iuris
1759 1670 1914 1742 peritorum
1937 1668 2064 1735 ulterius,

612 1758 765 1814 severitate
781 1756 903 1812 mentita
920 1754 1098 1811 dissimulata
1115 1753 1279 1821 inscientia,
1299 1756 1378 1812 velut
1395 1757 1431 1813 ab
1450 1755 1520 1827 ipsis
1537 1754 1633 1825 adytis
1651 1760 1871 1825 expectarentur
1888 1756 2066 1812 formidanda

613 1859 754 1912 responsa,
773 1859 836 1897 cum
855 1839 965 1910 liquido
983 1843 1091 1911 pateat,
1109 1856 1165 1908 quo
1184 1839 1305 1909 pondere
1324 1840 1439 1896 donatio
1458 1840 1608 1905 deferetur,
1627 1857 1684 1909 qua
1702 1840 1814 1898 actione
1832 1843 1947 1911 petetur
1959 1840 2067 1896 heredi·

614 1931 667 1992 tes,
685 1925 787 1996 quibus
806 1925 898 1981 verbis
915 1924 1066 1996 stipulatio
1084 1924 1249 1995 colligatur,
1274 1929 1307 1981 ut
1331 1928 1438 1981 certum
1457 1926 1501 1980 rel
1525 1925 1664 1981 incertum
1684 1924 1810 1982 debitum
1829 1925 1868 1981 sit
1888 1924 2064 1997 exigendum.

616 2009 694 2076 Quae
717 2011 830 2084 singule
853 2009 1034 2082 prudentium
1056 2009 1170 2067 detecta
1193 2008 1301 2082 vigiliis
1324 2009 1354 2065 in
1379 2014 1509 2081 apertum
1534 2010 1681 2081 lucemque
1707 2011 1830 2067 deducta
1854 2014 1921 2066 eunt
1945 2008 2066 2065 nominis

580 2097 703 2158 tuostri
726 2098 857 2153 radiante
881 2096 1036 2168 splendore.
1115 2096 1176 2152 Neo
1199 2112 1319 2166 parvum
1343 2097 1467 2168 pretium
1489 2096 1544 2154 sibi
1568 2097 1623 2153 hoo
1648 2096 1826 2169 suspicentur
1849 2114 1908 2153 esse
1934 2096 2067 2162 delatum,

615 2184 718 2255 quibus
731 2182 828 2240 divina
846 2201 927 2240 sensa
945 2182 1069 2255 pectoris
1087 2182 1175 2239 nostri
1193 2182 1395 2239 mandavimus.
1425 2183 1538 2240 Etenim
1556 2182 1580 2238 si
1599 2187 1675 2240 recte
1692 2182 1797 2240 mentis
1813 2182 1875 2240 acie
1893 2183 1989 2239 lutura
2006 2200 2068 2254 pro·

552 2314 557 2323 .
580 2275 598 2331 8
615 2271 761 2342 epicimue,
783 2271 821 2326 ed
843 2273 970 2341 posteros
986 2286 1075 2340 usque
1094 2267 1244 2325 devenient
1262 2268 1369 2325 laboris
1387 2269 1476 2325 nostri
1496 2270 1645 2326 consortio.
1717 2268 1938 2334 Quamobrem
1957 2270 2068 2327 detersa

615 2358 689 2414 nube
708 2356 893 2422 voluminum,
915 2355 945 2410 in
962 2354 1065 2426 quibus
1082 2356 1235 2410 multorum
1252 2355 1326 2410 nihil
1345 2354 1551 2426 explicantium
1570 2359 1681 2413 aetates
1699 2355 1823 2411 adtritae
1841 2360 1918 2422 sunt,
1941 2373 2069 2427 compen·

617 2442 722 2497 diosem
736 2440 872 2496 divalium
884 2439 1116 2498 constitutionum
1128 2439 1276 2496 scientiam
1294 2458 1330 2496 ex
1346 2439 1406 2495 divi
1419 2440 1598 2496 Constantini
1616 2438 1791 2511 temporibus
1807 2440 1978 2506 roboremus,
1996 2440 2068 2495 nulli

617 2529 682 2597 poet
692 2526 750 2581 kal
762 2526 821 2580 len.
838 2541 970 2581 concessa
987 2523 1105 2580 licentia
1121 2524 1159 2579 ed
1176 2523 1266 2579 lorum
1284 2530 1314 2581 et
1332 2524 1491 2580 cotidianas
1508 2523 1710 2580 advocationes
1727 2523 1771 2579 ine
1788 2522 1948 2594 principale
1960 2522 2067 2580 deferre

618 2610 663 2668 rel
681 2609 743 2666 litis
761 2609 946 2666 instrumenta
964 2625 1133 2680 conponere,
1157 2607 1212 2664 nisi
1230 2627 1265 2666 ex
1282 2608 1328 2666 hie
1346 2608 1482 2667 videlicet
1499 2609 1593 2677 libris,
1614 2609 1665 2681 qui
1688 2608 1718 2664 in
1741 2606 1829 2664 nostri
1851 2608 1971 2664 neminie
1990 2626 2070 2665 soca-

617 2696 715 2755 bnlum
732 2695 904 2755 transierunt
920 2698 951 2752 et
971 2694 1060 2753 sacris
1077 2695 1217 2753 habentur
1235 2695 1264 2752 in
1281 2695 1401 2754 scriniis
1433 2694 1609 2767 Quemquam
1626 2694 1698 2753 nulli
1715 2699 1791 2753 retro
1805 2694 1967 2768 principum
1979 2698 2068 2753 aeter·

617 2784 692 2842 nites
709 2802 760 2842 sua
778 2785 907 2843 detracta
925 2785 979 2852 est,
1003 2781 1108 2841 nulline
1125 2783 1226 2841 latoris
1243 2782 1349 2841 oceidit
1365 2801 1481 2855 nomen,
1499 2784 1597 2854 immo,
1620 2783 1694 2842 lueis
1711 2782 1806 2858 gratia
1823 2781 1935 2851 mutati,
1954 2782 2069 2843 claritu-

618 2874 682 2950 dine
707 2874 896 2933 consultorum
922 2875 1044 2947 augusta
1067 2870 1213 2930 nobiccum
1234 2871 1373 2931 societate
1396 2871 1558 2948 iunguntur.
1599 2871 1697 2930 Manet
1721 2870 1811 2947 igitur
1835 2871 2017 2946 manebitque
2041 2872 2071 2931 iu

619 2967 788 3034 perpetuum
805 2960 922 3018 elimata
939 2960 1032 3035 gloria
1049 2960 1236 3028 conditorum,
1260 2978 1312 3026 uec
1337 2960 1367 3017 iu
1391 2964 1515 3018 nostrum
1540 2960 1655 3017 titulum
1675 2959 1846 3032 demigmvit
1868 2959 1922 3017 nisi
1944 2962 1992 3018 lux
2010 2961 2071 3019 sola

583 3047 776 3107 ebresitutis
846 3047 884 3103 Et
905 3046 1036 3117 quamvis
1058 3047 1162 3104 uostris
1183 3046 1321 3118 auspiciis
1343 3047 1431 3103 totius
1450 3048 1543 3118 operis
1566 3046 1735 3104 instauratio
1753 3047 1915 3115 deberetur,
1938 3048 2072 3105 adtamen

618 3132 710 3205 magis
727 3130 939 3203 imperatorium
957 3131 1103 3204 magisque
1122 3131 1290 3188 credidimus
1307 3131 1475 3205 gloriosum,
1500 3131 1524 3188 si
1550 3133 1651 3205 fugata
1675 3131 1784 3188 invidia
1808 3132 1994 3204 perennitatis
2012 3133 2072 3189 iure

618 3217 753 3274 memoria
769 3221 927 3275 remaneret
943 3220 1097 3275 anctorum.
1127 3217 1217 3274 Nobis
1234 3219 1271 3274 ad
1287 3219 1410 3274 tructam
1428 3219 1518 3275 bonae
1537 3218 1725 3275 conscientiae
1744 3217 1814 3274 satis
1832 3217 1998 3287 abundeque
2016 3217 2071 3272 sul·

584 3302 697 3364 ofloisc
712 3303 848 3362 reveletis
864 3301 974 3374 legibus
996 3302 1112 3360 iuventa
1134 3303 1272 3359 maiorum
1294 3302 1478 3360 obscuritatis
1500 3302 1604 3359 iniuria
1624 3303 1788 3359 vindicasse.
1867 3303 1919 3358 Hie
1936 3301 2073 3359 adicimus

619 3389 728 3446 uallem
751 3386 983 3445 constitutionem
1005 3388 1035 3443 in
1059 3393 1202 3460 posterum
1225 3388 1304 3445 velut
1329 3389 1418 3445 letam
1441 3387 1471 3445 in
1498 3388 1627 3460 partibus
1645 3388 1808 3446 Occidentis
1832 3387 1925 3445 aliove
1949 3390 2075 3457 (testeae

619 3493 668 3532 scr.
686 3476 757 3544 ullo)
779 3475 809 3531 in
831 3475 893 3531 loco
917 3475 953 3530 ab
977 3472 1163 3531 invictissimo
1181 3474 1308 3546 principe
1333 3474 1391 3531 lilio
1409 3480 1522 3533 nostrae
1540 3475 1720 3543 clementiae,
1744 3477 1926 3548 p(ar)p(etuo)
1944 3475 2072 3547 Angusto

621 3561 821 3619 Valentiniano
837 3577 919 3632 posse
935 3560 1053 3632 proferri
1067 3560 1111 3617 vel
1124 3560 1181 3616 vim
1199 3561 1271 3633 legis
1289 3561 1416 3632 aliquam
1433 3562 1569 3629 obtinere,
1588 3561 1644 3671 nisi
1662 3563 1716 3619 hoc
1734 3562 1809 3618 idem
1827 3561 1924 3617 divine
1943 3578 2072 3634 pragma·

585 3655 602 3709 e
620 3647 679 3705 tice
696 3647 798 3703 nostris
814 3649 879 3716 (scr.
897 3649 1005 3717 nostre)
1022 3646 1164 3704 mentibus
1182 3646 1336 3705 intimetur,
1410 3647 1490 3714 Quod
1508 3648 1653 3710 observet
1670 3666 1782 3706 necesse
1800 3653 1844 3707 eet
1861 3647 1891 3703 iu
1914 3647 1959 3704 bie
1977 3647 2072 3714 etiam,

620 3751 693 3805 quse
716 3751 767 3805 per
785 3732 928 3790 Orientem
949 3731 1032 3788 uobis
1055 3731 1218 3788 auctoribus
1240 3734 1468 3805 promulgantem
1495 3735 1632 3795 falsitatis
1654 3740 1723 3792 nota
1740 3733 1921 3801 damnandis,
1945 3751 2018 3804 quae
2040 3751 2075 3788 ex

620 3823 747 3890 tempore
765 3818 881 3875 delinito
896 3817 1092 3874 'theodosiano
1109 3834 1165 3872 uon
1182 3818 1340 3874 releuatus
1358 3818 1388 3873 ia
1405 3820 1510 3888 codice,
1530 3824 1657 3893 exceptis
1675 3820 1729 3889 bie,
1747 3837 1821 3890 quae
1838 3820 1979 3878 habentur
1996 3820 2073 3891 apud

622 3902 745 3959 militum
762 3907 862 3959 sancta
884 3900 1038 3973 principie,
1065 3901 1110 3957 rel
1133 3901 1167 3957 de
1189 3901 1283 3957 titulis
1307 3901 1432 3972 publicis
1457 3919 1641 3975 expensarum
1664 3907 1841 3975 aliarumque
1864 3921 1956 3962 rerum
1980 3902 2076 3975 gretie

587 3996 695 4060 lquee
717 3988 747 4044 in
770 3987 890 4062 regestis
911 3986 1083 4043 diversorum
1105 3986 1258 4043 oinciorum
1281 3988 1373 4045 relata
1395 3991 1469 4045 eunt
1547 3990 1673 4064 Longum
1695 3997 1740 4051 est
1762 4008 1929 4069 memorare,
1953 3988 2023 4062 quid
2044 3988 2076 4045 iu

621 4075 705 4131 huius
717 4073 985 4133 consummationem
998 4072 1106 4146 negotii
1122 4072 1274 4131 contulerit
1288 4073 1395 4147 vigiliis
1413 4075 1471 4130 suis
1482 4075 1647 4144 Antiochus,
1667 4083 1770 4141 cuncta
1788 4075 1926 4144 sublimis,
1945 4093 1979 4135 ex
1997 4092 2075 4151 prae·

621 4162 717 4233 ilecto)
736 4163 766 4219 et
783 4160 930 4230 mnslule);
949 4158 1019 4232 qaid
1035 4159 1211 4227 Maximinus,
1231 4159 1296 4232 v(ir)
1316 4160 1465 4232 inl(ustris)
1490 4168 1674 4234 exquaestore
1696 4163 1784 4224 nmlri
1808 4163 1925 4238 palatii,
1953 4159 2077 4224 eminens

621 4248 697 4306 omui
718 4266 820 4322 gauere
842 4246 1015 4315 litterarum
1038 4247 1107 4319 quid
1125 4246 1291 4320 Martyrios,
1311 4248 1375 4320 v(ir)
1394 4247 1556 4321 inl(ustris),
1577 4267 1669 4309 eomes
1686 4255 1717 4311 et
1733 4254 1874 4324 quaestor,
1891 4253 2004 4310 nostrae
2023 4249 2077 4316 cle

621 4336 744 4393 mentius
762 4335 833 4391 fldns
850 4334 998 4407 interpres:
1020 4334 1089 4405 quid
1106 4335 1194 4393 etiam
1212 4334 1390 4406 Sperantius,
1408 4335 1609 4408 Apollodorus,
1627 4338 1801 4406 Theodoms,
1820 4338 1874 4395 viri
1890 4336 2071 4410 spectabiles,

622 4422 739 4479 comites
760 4422 833 4479 sacri
855 4421 944 4478 nostri
966 4420 1137 4487 consistorii;
1160 4421 1229 4492 qnid
1250 4422 1402 4494 Epigenes,
1426 4423 1488 4492 v(ir)
1510 4424 1710 4495 aspectabilis),
1734 4425 1846 4494 corales)
1868 4427 1900 4481 et
1919 4423 2075 4495 maglieter)

622 4506 786 4573 memoriam
805 4506 874 4578 quid
886 4507 1048 4580 Procopius,
1067 4508 1129 4577 νῦν)
1140 4508 1333 4580 spectabilis),
1352 4510 1466 4579 comles)
1484 4514 1515 4566 et
1533 4508 1669 4582 magister
1680 4509 1849 4578 libellorum,
1867 4509 1929 4568 iure
1946 4509 2077 4568 omnibus

588 4602 606 4659 8
624 4592 766 4651 veteribus
782 4592 962 4666 conperendi.
1027 4592 1107 4662 Quod
1124 4597 1221 4663 restat,
1240 4594 1374 4662 Florenti,
1391 4596 1515 4667 p(arens)
1533 4595 1703 4666 k(erissime)
1721 4599 1830 4668 alique)
1849 4595 2073 4667 mmmtimime).

624 4679 752 4737 inlustms
769 4683 799 4737 et
817 4679 967 4753 magnifice
984 4680 1140 4739 auctoritas
1158 4683 1220 4748 tua,
1245 4679 1290 4738 cui
1312 4680 1446 4749 amicum,
1470 4680 1516 4739 cui
1538 4681 1681 4739 familiare
1700 4686 1744 4740 est
1761 4683 1874 4754 placere
1891 4681 2077 4755 principibus,

624 4766 725 4824 edictis
742 4765 928 4838 proplositis),
946 4765 977 4822 in
994 4765 1119 4854 ompium
1134 4766 1310 4838 populorum,
1331 4767 1362 4832 in
1379 4767 1503 4823 omnium
1522 4768 1734 4839 provinciarum
1751 4769 1884 4828 notitiam
1903 4768 1976 4826 scita
1993 4767 2079 4824 meie-

623 4852 708 4909 stetie
725 4856 864 4924 angustae
881 4857 993 4910 nostrae
1012 4841 1100 4939 lfotat
1117 4852 1272 4925 pervenire.
1308 4871 1371 4910 ner.
1389 4871 1436 4911 xv.
1455 4871 1519 4910 aaa.
1538 4872 1621 4911 nen.
1640 4872 1892 4912 oossrnrruoeou
1909 4854 2079 4926 enormem)

624 4959 652 4994 s.
664 4955 723 4996 xm
735 4955 809 4995 oona
822 4956 856 4995 rr
872 4956 920 5006 err
937 4940 1216 5036 rvnptjererrsnvs

624 5042 692 5099 llius
718 5043 929 5102 constitutionis
956 5044 1100 5118 exemplar
1124 5044 1240 5102 missum
1265 5046 1303 5101 ed
1328 5047 1502 5118 praetectum
1527 5045 1651 5104 Orientis
1677 5052 1821 5107 servatum
1848 5052 1892 5106 est
1917 5065 1981 5104 cum
2005 5045 2080 5105 iuter

624 5130 752 5187 novellas
769 5127 1065 5212 'l'beodoeieuuegubi
1088 5132 1172 5190 bodio
1195 5150 1245 5203 pro
1268 5133 1360 5203 prima
1382 5138 1544 5190 numeretur
1560 5152 1650 5204 eoque
1668 5134 1730 5191 loco
1748 5155 1766 5192 a
1789 5134 1870 5191 nobis
1888 5152 1999 5204 quoque
2018 5135 2079 5190 ede·

625 5218 709 5285 tur¹),
728 5220 788 5272 tum
800 5217 1007 5291 praescriptum
1018 5216 1226 5295 exemplaribus
1238 5219 1407 5287 quibusdem
1419 5218 1509 5290 ipsius
1521 5219 1719 5276 Theodosiani.
1733 5251 1767 5262 -
1781 5221 1822 5276 Ex
1834 5238 1925 5277 rerum
1937 5217 2079 5291 scriptori·

714 5355 734 5422 ¹)
751 5356 864 5409 Omnino
875 5327 1161 5425 spunesemllommr
1173 5365 1235 5411 ente
1246 5359 1456 5411 Theodosisnum
1469 5376 1546 5425 quem
1561 5367 1623 5412 ante
1633 5360 1773 5412 Theodosii
1786 5359 1910 5423 novellas,
1929 5358 1994 5411 nibil
2009 5358 2078 5410 enim

625 5439 760 5478 commune
778 5426 859 5479 habet
876 5444 936 5494 curn
954 5427 1117 5489 novellarum
1135 5443 1241 5494 corpore
1259 5428 1398 5494 incipiente
1416 5428 1450 5480 ab
1468 5429 1581 5496 epistula
1598 5446 1623 5480 s.
1635 5427 1695 5494 441,
1713 5446 1759 5496 per
1776 5444 1857 5493 quem
1874 5427 2035 5479 ‘l'beodoslue
2052 5427 2078 5477 11

625 5494 742 5548 novellas
759 5495 845 5549 adbuc
862 5496 968 5549 endum
978 5493 1131 5564 'temporum
1148 5495 1238 5549 ordine
1255 5497 1391 5564 dispositu
1407 5497 1524 5564 collegae
1541 5498 1706 5551 Occidam
1725 5499 1824 5566 regenti
1842 5496 1991 5550 ammisit.

873 5747 912 5838 Pi*
