5250 6350
952 1249 993 1363 Ι.
1027 1245 1605 1362 IMPERATORE&

552 1490 756 1531 corerssrrsve
774 1492 784 1529 1
802 1473 839 1530 od
857 1472 956 1538 ιι.337;
975 1474 1084 1528 mortuo
1103 1489 1135 1526 ao
1148 1469 1193 1527 die
1207 1468 1271 1525 Mai.
1282 1469 1325 1535 23,
1343 1468 1395 1524 sub
1408 1468 1519 1525 nomine
1533 1468 1659 1527 defuncti
1670 1473 1737 1528 acta
1755 1470 1921 1530 continuata
1938 1475 2004 1529 sunt

552 1562 691 1720 [nonnil
699 1560 853 1717 gillitano
871 1663 989 1704 urornivs
1006 1664 1080 1702 osse.
1099 1663 1155 1702 non
1173 1645 1357 1717 comparent]

621 1737 652 1791 lu
675 1735 870 1793 consulatibus
894 1734 1075 1792 enuntiandis
1097 1731 1268 1789 Liciniorum
1290 1731 1406 1789 nomina
1428 1731 1586 1789 retinentur
1607 1734 1739 1791 detracta
1761 1735 1838 1816 patri
1863 1734 2004 1808 dignitate

655 1820 789 1893 Augurem
808 1819 837 1876 in
856 1818 1001 1877 codicibus
1019 1818 1170 1889 aliquoties
1187 1819 1287 1889 (1.2,2
1305 1849 1336 1858 -
1357 1818 1397 1884 13,
1407 1819 1432 1884 2,
1444 1820 1467 1883 l,
1486 1820 1520 1874 cs.
1534 1819 1691 1901 1333122,
1700 1820 1728 1891 3)
1746 1819 1869 1879 adicitur
1883 1820 1957 1878 Caes.
1969 1843 2004 1881 ex

656 1906 884 1979 interpolatione.

622 1994 712 2066 Leges
731 2012 788 2066 per-
799 1993 851 2050 hos
869 2010 957 2049 annm
974 1993 1051 2050 latae
1069 1992 1193 2051 directae
1212 1991 1241 2048 in
1260 1992 1416 2059 Orientem,
1435 1996 1468 2050 ut
1487 1993 1606 2061 13,10,2
1623 1994 1660 2050 ad
1678 1993 1836 2066 praesidem
1853 1995 1957 2067 Lycias
1975 2001 2005 2055 et

584 2121 586 2125 ,
656 2079 852 2152 Pamphyliae,
870 2078 957 2147 3,4,3
975 2097 1038 2135 cum
1057 2078 1161 2136 iunctis
1179 2080 1215 2135 ad
1227 2080 1374 2151 bithynos,
1393 2098 1564 2151 quamquam
1583 2082 1732 2138 badontnr
1749 2082 1801 2138 sub
1821 2100 1875 2139 nno
1892 2083 2004 2140 nomine

657 2165 844 2231 Constantini,
862 2164 917 2221 nisi
935 2183 1024 2222 annus
1041 2166 1127 2232 fallit,
1147 2165 1248 2222 Licinii
1266 2166 1325 2224 sint
1341 2184 1454 2224 necesse
1472 2171 1523 2223 eet

623 2252 764 2315 Quattuor
775 2250 1000 2321 constitutiones,
1018 2269 1091 2323 quoe
1109 2256 1175 2308 sunt
1192 2251 1222 2307 in
1234 2251 1391 2309 Iustiniano
1410 2250 1505 2308 codice
1524 2253 1576 2308 sub
1589 2252 1764 2325 praescripto
1781 2253 1861 2324 intpp.
1877 2256 2005 2311 033333-

655 2338 731 2393 tinas
752 2344 776 2393 et
793 2337 919 2393 Licinim
935 2340 1024 2411 Aepy.
1042 2337 1139 2408 (3,1,3
1157 2370 1191 2379 -
1209 2338 1295 2406 6,1,3
1314 2369 1348 2379 -
1366 2340 1390 2407 ’1,
1402 2340 1498 2409 1311)
1521 2338 1581 2394 sive
1604 2340 1753 2409 mmpluni
1774 2356 1917 2397 marmore
1938 2343 2006 2398 litte·

655 2440 751 2478 ranem
770 2422 942 2479 &wentini
961 2430 986 2480 ct
1003 2424 1109 2480 licinii
1127 2426 1213 2493 Auno.
1230 2426 1267 2493 (7,
1277 2425 1319 2490 22,
1326 2427 1363 2493 3),
1384 2424 1499 2481 veniant
1517 2443 1628 2481 necesse
1646 2430 1690 2481 eet
1708 2443 1742 2481 ex
1760 2444 1875 2497 corpore
1892 2428 2005 2483 Hermo

655 2507 785 2579 maiano,
804 2526 867 2564 cnm
884 2499 1051 2581 praesertini
1069 2509 1117 2564 uni
1136 2526 1232 2565 earnm
1248 2511 1335 2575 3,1,3
1352 2509 1513 2581 subscripta
1531 2509 1570 2566 sit
1587 2510 1707 2566 formula
1723 2511 1783 2574 sinc
1799 2511 1842 2567 die
1859 2518 1884 2568 et
1900 2514 2006 2569 wissula

655 2612 674 2650 a
691 2594 887 2651 Theodosiano
906 2595 1009 2652 aliena

552 2698 766 2749 menarsiana,
783 2699 976 2749 mansorius,
994 2698 1132 2739 maurane
1150 2680 1291 2739 Caesares.

623 2769 695 2826 ltaro
713 2770 750 2841 (2,
760 2770 825 2839 22,1
840 2799 874 2812 -
885 2771 911 2838 3,
921 2771 973 2837 5,4
991 2768 1026 2842 {si
1040 2788 1107 2828 vera
1125 2773 1169 2827 est
1186 2769 1272 2828 lectio
1292 2769 1648 2842 solidarunt-alar
1665 2771 2004 2841 -3,11,2-7,1,1-

656 2858 681 2928 l,
695 2858 758 2926 12,1
775 2860 968 2929 -0,13,3-
984 2858 1058 2928 10,1,
1072 2860 1084 2916 1
1100 2888 1131 2900 -
1146 2860 1186 2926 11,
1196 2861 1239 2926 30,
1248 2861 1277 2930 2)
1296 2858 1371 2933 putri
1391 2858 1575 2918 Constantino
1595 2858 1645 2917 tilii
1663 2858 1796 2919 Caesares
1814 2858 2005 2936 aeliunguntur

657 2946 815 3005 nominibus
833 2948 912 3007 nullo
930 2948 992 3006 loco
1011 2947 1177 3015 enuntiatis;
1201 2969 1265 3006 nour
1284 2952 1310 3017 4,
1321 2950 1371 3018 4,1
1392 2947 1574 3008 constentino
1592 2969 1647 3006 uon
1665 2950 1768 3007 Caesar
1785 2950 1841 3019 eal,
1859 2952 1908 3010 sed
1927 2970 2004 3025 prite-

657 3036 748 3093 lectus
766 3037 916 3109 praetorio.

553 3127 767 3199 [manamine
785 3142 806 3180 n
825 3126 852 3195 (†
864 3125 917 3184 340
930 3143 1023 3184 mense
1036 3126 1140 3199 Aprili)
1158 3144 1213 3184 nou
1234 3129 1379 3198 comparet
1397 3126 1514 3183 omissus
1532 3124 1619 3184 etiam
1637 3145 1665 3199 p.
1677 3128 1712 3184 23
1730 3125 1759 3185 in
1777 3126 1869 3186 indice
1888 3127 2005 3200 impera·

658 3215 750 3266 torum
768 3212 964 3269 'l'hsodosiano
983 3214 1123 3285 praefixo]

551 3314 740 3355 consularius
757 3315 778 3352 11
796 3298 859 3366 (337
878 3299 954 3371 Sept.
968 3300 1086 3355 e-aul
1106 3300 1179 3356 Nou.
1192 3299 1228 3369 3).

623 3382 677 3438 Par
700 3399 796 3439 omnes
819 3383 871 3439 bos
897 3401 984 3439 anuos
1006 3383 1256 3440 constitutionibus
1278 3381 1482 3454 praescribitur
1505 3401 1604 3439 nomen
1623 3383 1781 3440 Constantii
1805 3385 1888 3441 modo
1911 3384 2006 3450 solius,

656 3468 738 3524 modo
757 3487 819 3524 oum
833 3468 987 3526 Constante
999 3471 1128 3541 Augusto
1147 3470 1192 3526 vel
1207 3469 1316 3526 Iuliano
1331 3468 1458 3525 Caesare.
1488 3468 1562 3525 Anni
1579 3470 1629 3526 331
1654 3470 1770 3526 extremi
1789 3470 2007 3528 constitutiones

657 3558 758 3612 extera
775 3555 878 3613 nullae.

552 3660 691 3700 consum
709 3643 772 3712 (337
790 3643 868 3715 Sept
880 3645 897 3700 3
910 3644 1004 3703 -350
1022 3644 1081 3701 Ion.
1096 3643 1148 3714 13).

623 3732 730 3804 Legum
742 3729 906 3787 emissarum
918 3749 937 3787 a
949 3731 1014 3787 filiis
1027 3731 1205 3789 Constantini
1218 3731 1301 3804 primi
1314 3732 1474 3803 pleraeque,
1491 3731 1566 3790 sicut
1584 3751 1634 3804 per
1645 3751 1732 3789 annos
1743 3732 1869 3806 singulos
1880 3733 2008 3789 declarat

662 3815 816 3873 laterculus
835 3817 944 3882 tertius,
962 3818 1054 3873 solnm
1066 3817 1226 3875 Constantii
1244 3836 1344 3875 nomen
1357 3819 1563 3890 praescriptum
1583 3819 1697 3886 habeut,
1715 3837 1765 3876 eae
1783 3825 1887 3885 autem,
1905 3819 2008 3889 quibus

660 3899 888 3973 praescribuntur
905 3902 1086 3959 Constantius
1104 3907 1134 3959 et
1151 3904 1301 3971 Constans,
1326 3903 1505 3975 reperiuntur
1523 3922 1578 3959 non
1600 3904 1689 3959 solnm
1712 3922 1847 3959 annornm
1864 3904 2008 3960 331-350

660 3989 713 4044 hoc
732 3989 805 4055 nivo,
823 3988 873 4044 sed
891 3987 999 4059 pariter
1017 3992 1217 4059 postmortem
1236 3990 1316 4045 ada.
1334 4007 1422 4060 usque
1439 3990 1499 4045 331.
1535 3991 1661 4045 Errorem
1678 4007 1733 4044 non
1751 3987 1940 4055 librariorum,
1958 3990 2008 4045 sed

658 4075 873 4145 compilatorum
898 4073 1025 4144 explicat
1049 4074 1133 4129 index
1156 4075 1238 4130 modo
1263 4074 1381 4142 citatus,
1406 4074 1455 4130 nbi
1480 4074 1554 4131 inter
1576 4075 1788 4131 Constantinum
1813 4078 1843 4131 et
1867 4075 2007 4130 lulianum

658 4162 877 4234 interponuntur
897 4160 1075 4216 Comwidius
1092 4165 1117 4215 et
1136 4159 1276 4218 00331333.
1307 4160 1480 4218 'l'ribnerunt
1497 4160 1609 4219 scilieet
1627 4163 1778 4234 prudentes
1795 4159 1926 4231 Byzantii
1944 4180 2007 4217 eon-

659 4250 822 4309 stitntionus
835 4248 1056 4322 subscriptiones
1068 4248 1207 4306 babentes
1219 4267 1353 4305 iirrnorunr
1367 4251 1506 4305 331-331
1522 4269 1617 4307 orrrnua
1630 4248 1795 4308 Constantio
1808 4251 1838 4308 at
1851 4248 2007 4317 &semusti

659 4337 815 4412 promiscue
834 4339 915 4395 modo
934 4337 1111 4394 nominantes
1129 4341 1287 4407 utrumque,
1306 4338 1387 4393 inodo
1405 4338 1496 4392 soloni
1515 4337 1643 4409 priorem.

555 4426 741 4498 {nsursrmvs
758 4426 929 4494 (350-353)
947 4443 1002 4480 non
1021 4425 1187 4496 comparet]

554 4529 739 4568 coresrnrrvs
756 4528 859 4567 eumve
877 4510 980 4566 Caesar
997 4511 1174 4578 (351-354).

625 4596 821 4654 Constantium
846 4597 960 4653 (lullum
982 4598 1128 4652 Caesarem
1153 4599 1274 4666 excepta
1297 4613 1353 4651 una
1377 4595 1579 4652 constitutione
1604 4596 1739 4661 15,14,5‚
1767 4594 1816 4650 ubi
1841 4597 1935 4651 tamen
1957 4613 2008 4666 pro

659 4684 823 4741 Corntantio
846 4683 1010 4755 appellatur
1029 4683 1178 4748 Constans,
1203 4681 1399 4754 inscriptiones
1423 4701 1477 4738 non
1500 4681 1659 4754 adiungunt
1676 4684 1812 4753 Angusto.
1836 4711 1869 4721 -
1892 4682 1924 4736 ln
1946 4699 2009 4738 con·

659 4771 799 4828 eulatibus
822 4771 904 4828 adest
925 4769 1050 4840 quidem,
1072 4770 1121 4826 sed
1144 4771 1196 4825 sub
1221 4787 1285 4826 sero
1308 4769 1420 4826 nonrine
1442 4769 1596 4825 Constratii
1617 4787 1679 4825 raro
1702 4769 1799 4837 (3,4,7
1820 4797 1852 4808 -
1870 4769 1895 4836 3,
1905 4771 1957 4839 5,5
1976 4800 2007 4811 -

658 4860 683 4927 3,
692 4860 744 4926 5,3
758 4888 788 4898 -
806 4859 831 4923 3,
841 4858 892 4925 5,Ί
906 4888 938 4899 -
953 4857 993 4922 12,
1005 4859 1027 4923 l,
1037 4858 1069 4913 41
1089 4888 1121 4897 -
1142 4857 1181 4922 12,
1194 4857 1281 4924 1,42),
1301 4856 1465 4927 plerumque
1485 4855 1552 4912 item
1571 4854 1664 4912 dietus
1683 4855 1826 4924 wentana
1846 4872 1899 4912 non
1917 4875 2009 4915 errore

660 4949 786 5012 tortasse,
804 4944 854 5002 sed
872 4946 905 5000 nt
923 4944 1042 5001 tollatur
1059 4962 1160 5001 nomen
1178 4943 1314 5000 dunnrati.

557 5051 688 5090 incurvo
706 5033 808 5089 Caesar
825 5033 888 5098 (355
906 5031 978 5086 Νον.
988 5034 1048 5087 3-
1058 5032 1128 5099 330),
1147 5030 1248 5087 deinde
1266 5033 1410 5103 Augustus
1428 5032 1491 5098 (330
1499 5062 1532 5071 -
1542 5031 1594 5086 333
1611 5030 1671 5085 lun.
1684 5032 1738 5096 29).

629 5119 754 5174 lulianus
773 5117 876 5174 Caesar
893 5116 1055 5173 nominatur
1076 5118 1106 5173 in
1125 5117 1327 5173 constitutione
1345 5135 1370 5171 a.
1384 5118 1436 5171 355
1453 5120 1520 5187 Apr.
1533 5118 1568 5173 30
1585 5116 1621 5182 (3,
1634 5117 1673 5181 12,
1683 5118 1711 5184 2)
1734 5132 1849 5171 emoneo
1871 5114 2009 5184 anbcipa·

662 5204 746 5268 tione,
765 5203 865 5259 deinde
884 5202 912 5256 in
930 5202 1113 5273 inscriptione
1131 5221 1194 5258 raro
1214 5203 1384 5272 praeteritur
1403 5220 1452 5273 per
1463 5219 1551 5257 sinnas
1564 5201 1634 5256 duos
1645 5202 1696 5254 356
1708 5205 1738 5256 et
1749 5201 1808 5265 300,
1827 5199 1928 5268 quibus
1947 5216 2008 5253 con·

662 5290 785 5345 sulatum
804 5287 941 5355 obtinuit,
965 5294 1080 5360 propter
1097 5286 1333 5359 subscriptionem
1353 5287 1498 5351 videlicet;
1523 5306 1539 5344 e
1561 5286 1701 5342 contrario
1719 5304 1781 5340 raro
1800 5303 1863 5340 cnm
1881 5284 2008 5356 Angusto

659 5377 818 5434 nominatur
845 5394 896 5448 per
916 5393 941 5432 s.
961 5374 1019 5430 357.
1043 5374 1103 5432 353.
1124 5376 1185 5430 359.
1210 5404 1244 5413 -
1269 5372 1399 5430 Eiusdem
1424 5372 1545 5447 Augusti
1568 5390 1667 5428 nonren
1690 5370 1904 5427 eorretitutiones
1926 5388 2009 5425 aurio·

659 5485 720 5524 rum
738 5464 798 5522 330.
816 5463 865 5521 331
886 5480 940 5519 non
959 5463 1066 5520 liabent
1084 5462 1297 5534 praescriptum,
1316 5462 1423 5518 babent
1440 5480 1466 5518 a.
1479 5463 1531 5519 332
1549 5477 1646 5516 omnes
1664 5461 1788 5530 (praeter
1807 5475 1889 5513 uuam
1907 5457 2008 5523 1,15,4
