5250 6350
1242 666 1277 682 —-
1312 634 1447 697 xxxva
1480 668 1515 684 -

722 793 802 858 66661
819 793 871 857 sub
889 792 989 856 Gothis
1006 792 1132 864 fuerunt,
1155 799 1185 855 66
1202 797 1368 871 pependisse
1387 797 1499 858 videtur
1516 817 1571 858 non
1589 802 1648 858 6666
1666 816 1685 856 a
1702 794 1920 860 Commonitorio
1937 796 2098 861 Alariciano

722 889 902 960 (quemqnam
919 885 948 942 id
966 903 1077 957 quoque
1095 885 1218 957 aliquem
1236 887 1328 944 locum
1350 887 1380 943 in
1402 905 1437 945 ea
1454 906 1483 945 re
1501 887 1634 946 habuisse
1653 888 1766 946 ridetur
1783 891 1883 963 utpote
1903 894 2047 965 receptum
2069 890 2099 949 16

723 977 862 1049 epitomas
874 976 1033 1047 plerasque)
1048 993 1132 1046 quam
1150 994 1169 1031 a
1186 974 1254 1031 iuris
1266 975 1385 1033 Romani
1401 976 1532 1049 legitima
1547 976 1692 1049 agnitione
1705 977 1815 1035 civibus
1827 978 1958 1035 Romanis
1971 979 2100 1036 omnibus

723 1067 753 1120 et
770 1061 881 1119 clericis
898 1061 1074 1133 potissimum
1087 1079 1137 1132 per
1149 1061 1260 1118 diversa
1277 1080 1365 1133 regna
1378 1062 1491 1118 Gallica
1508 1062 1676 1135 degentibus
1694 1064 1846 1127 communi;
1864 1082 1920 1134 qno
1938 1064 2007 1121 item
2024 1068 2101 1124 recte

723 1147 827 1209 trahes,
845 1146 920 1215 quod
938 1146 1043 1216 passion
1061 1144 1199 1215 reperitur
1217 1144 1387 1201 breviarium
1406 1148 1521 1202 auctum
1540 1163 1574 1203 ex
1593 1146 1675 1202 Pauli
1693 1147 1842 1203 sententiis
1860 1148 1952 1219 plenis
1971 1153 2001 1206 et
2013 1150 2101 1207 'l'lreo

724 1230 840 1288 dosiano
852 1230 1026 1301 novellisque
1038 1229 1098 1288 6166
1114 1230 1182 1287 item
1200 1230 1290 1302 plenis
1303 1231 1497 1302 reperiturqns
1512 1231 1579 1289 item
1593 1232 1772 1289 coniunctum
1785 1252 1848 1290 curn
1860 1234 1978 1307 Ulpiani
1996 1236 2101 1308 regulis

725 1321 754 1374 et
777 1317 841 1390 lege
859 1317 985 1373 Romana
1002 1316 1243 1389 Burgundionum,
1268 1318 1433 1389 posthabito
1456 1318 1532 1374 iussu
1551 1318 1657 1375 Alarici
1675 1320 1762 1393 regis,
1787 1338 1843 1390 quo
1864 1340 1944 1377 usum
1968 1322 2102 1379 librorum

724 1403 793 1460 iuris
810 1403 929 1461 llomani
946 1403 1064 1459 aliorum
1082 1403 1112 1458 in
1130 1422 1179 1459 suo
1198 1422 1283 1476 regno
1300 1403 1493 1461 interdixerat

667 1508 707 1562 10.
727 1506 876 1562 Ρ66666666
888 1505 1017 1576 quaestio
1029 1505 1125 1570 oritur,
1143 1523 1236 1560 annon
1253 1504 1386 1561 breviarii
1404 1524 1484 1561 usum
1498 1505 1635 1563 sorensem
1648 1506 1767 1563 Karolus
1784 1526 1904 1579 magnus
1921 1526 1975 1563 non
1993 1509 2103 1565 stabili·

727 1592 800 1649 rerit
811 1591 931 1661 quidem,
949 1592 998 1647 sed
1010 1590 1188 1647 confirmarit
1218 1590 1294 1646 Nam
1308 1592 1342 1645 ut
1356 1591 1503 1646 mittamus
1514 1591 1590 1660 qnod
1605 1591 1643 1647 ad
1654 1591 1798 1663 exemplar
1809 1594 1950 1662 quoddam
1962 1594 2104 1664 epitomae

725 1677 900 1749 Aegidisnae
918 1677 1007 1731 denno
1021 1676 1166 1732 breviatae
1178 1676 1249 1742 (cod.
1260 1675 1386 1731 Ambros.
1398 1677 1423 1729 A
1431 1676 1467 1730 16
1478 1675 1527 1731 inl.
1541 1693 1613 1732 saec.
1623 1676 1659 1745 X)
1671 1676 1839 1747 inscriptum
1850 1678 1940 1734 ‘tituli
1957 1680 2052 1750 legum
2069 1697 2104 1736 ex

722 1763 849 1831 ‘corpore
867 1758 1055 1816 'l'heodosiani
1073 1760 1197 1816 breviter
1214 1758 1361 1815 succincti·
1377 1758 1406 1814 in
1424 1758 1551 1830 margine
1569 1757 1743 1830 adscriptum
1760 1764 1815 1817 est:
1832 1762 1913 1818 ‘haec
1938 1763 2067 1833 capitula
2084 1781 2103 1818 a

723 1846 838 1901 ‘Karolo
855 1843 945 1915 primo
963 1847 993 1900 et
1011 1844 1112 1915 Pipino
1129 1844 1188 1901 filio
1206 1844 1265 1899 sius
1283 1844 1357 1900 inter
1375 1844 1453 1914 leges
1469 1844 1638 1900 Francorum
1656 1848 1789 1915 receptae
1806 1846 1907 1917 suut‘¹)
1926 1878 1957 1890 -
1976 1864 2011 1904 ea
2028 1846 2103 1904 enim

726 1932 819 1998 66666,
838 1948 902 1987 cnm
917 1930 946 1986 in
958 1931 1056 1988 eodem
1068 1929 1209 1986 volumine
1221 1928 1366 1987 lateralia
1380 1930 1472 1986 multa
1484 1928 1571 1985 etiarn
1584 1933 1717 2001 excerpta
1735 1930 1932 1989 contineantur
1950 1951 1984 1990 ex
1997 1933 2105 2006 capitu-

725 2018 805 2075 lariis
817 2016 923 2085 Karoli,
940 2016 977 2074 ad
989 2016 1098 2074 librarii
1110 2016 1303 2090 opinationem
1314 2021 1390 2075 recte
1402 2016 1551 2075 referamur
1564 2048 1606 2084 -,
1623 2018 1705 2075 adest
1716 2016 1747 2074 in
1757 2016 1881 2078 editione
1894 2019 2105 2078 commonitorii

727 2105 880 2163 Guiaciana
897 2124 922 2161 a
936 2106 1003 2161 1666
1020 2106 1056 2161 66
1075 2105 1156 2162 linem
1174 2104 1321 2161 adnotatio
1343 2105 1426 2162 baec:
1449 2104 1489 2161 ‘et
1510 2102 1613 2162 iterum
1629 2103 1793 2176 ‘recognita'
1809 2122 1882 2162 anno
1900 2105 1952 2161 XX
1969 2109 2105 2179 regnante

724 2191 839 2248 ‘Karolo
856 2209 923 2264 rege
938 2192 1105 2247 Francorum
1124 2193 1155 2246 et
1171 2191 1418 2264 Langobardorum
1435 2194 1466 2248 66
1483 2189 1605 2263 patricio
1623 2191 1827 2247 Romanorum’.
1864 2191 1941 2249 llaec
1958 2192 2106 2250 adnotatio

727 2295 897 2350 quamquam
914 2294 969 2333 non
986 2277 1125 2349 reperitur
1141 2276 1170 2333 in
1188 2277 1248 2333 ullo
1266 2277 1362 2336 codice
1380 2277 1464 2333 hodie
1482 2279 1558 2343 noto,
1575 2274 1666 2333 nihilo
1684 2276 1775 2334 minus
1787 2276 1834 2334 vix
1847 2278 1964 2335 6661666
1981 2281 2026 2334 666
2043 2297 2106 2337 eam

728 2364 877 2423 66616616
895 2366 1037 2438 sumptam
1054 2382 1113 2421 esse
1131 2382 1165 2420 sx
1183 2364 1278 2434 aliquo
1296 2364 1369 2422 libro
1387 2363 1533 2437 deperdito
1551 2362 1610 2422 sire
1628 2363 1762 2421 breviarii
1780 2363 1870 2437 ipsios
1887 2365 1946 2423 6166
1963 2364 2107 2437 epitomae

727 2451 915 2527 Aegidianae;
935 2455 965 2511 66
982 2455 1096 2510 constat
1113 2451 1258 2510 Ouiaoium
1275 2470 1357 2508 nsum
1374 2469 1434 2509 esse
1451 2454 1563 2523 praeter
1580 2450 1754 2523 exemplaria
1770 2450 1854 2510 hodie
1872 2455 1940 2509 nota
1958 2469 2013 2509 uno
2031 2454 2107 2510 certa

727 2540 861 2598 breviarii
887 2540 976 2613 ploni,
1003 2540 1176 2614 aegidianae
1201 2544 1297 2598 autem
1322 2540 1463 2614 epitomae
1488 2539 1547 2598 6166
1572 2538 1658 2597 66616
1683 2539 1810 2612 pluribus
1834 2539 1918 2597 hodie
1944 2539 2108 2614 deperditis.

729 2627 847 2687 Accedit
864 2631 938 2702 quod
956 2647 1029 2687 anno
1047 2648 1130 2701 quem
1151 2627 1323 2703 subscriptio
1344 2628 1487 2704 significat
1505 2628 1556 2686 188
1577 2626 1656 2687 616611
1675 2628 1788 2702 egregie
1805 2628 2002 2702 respondent‘)
2018 2645 2108 2699 neque

732 2716 883 2788 quicquam
901 2718 1012 2775 videtur
1030 2718 1150 2784 obstare,
1168 2718 1317 2788 quominus
1334 2719 1405 2775 haec
1423 2721 1557 2788 excerpta
1574 2718 1724 2773 credantur
1741 2733 1775 2774 ex
1793 2716 1963 2789 capitulario
1981 2714 2041 2773 6166
2057 2716 2108 2772 611·

729 2821 784 2874 666
807 2803 963 2876 deperdito.
999 2805 1118 2861 11666166
1136 2823 1200 2860 cum
1222 2804 1301 2860 dicat
1319 2804 1348 2860 in
1366 2803 1479 2860 exordio
1497 2802 1661 2875 capitularii
1678 2802 1885 2876 Aquigranenie
1901 2821 1927 2858 a
1939 2802 2035 2872 869119
2054 2803 2108 2870 (66

729 2888 859 2946 66666166
876 2890 954 2944 6611
969 2909 996 2960 p.
1009 2891 1068 2955 170)
1086 2890 1215 2960 capitula
1232 2907 1266 2947 ea
1285 2889 1463 2946 constituisse
1482 2907 1511 2946 se
1529 2907 1563 2945 ex
1582 2891 1645 2961 lege
1663 2888 1766 2954 Salina,
1784 2889 1910 2945 Romana
1928 2890 2015 2958 atque
2029 2889 2109 2944 Gom·

730 2976 809 3041 bata,
832 2974 1020 3046 probabiliter
1041 2977 1075 3031 ut
1096 2975 1126 3030 in
1143 2974 1238 3031 Salica
1255 2978 1342 3046 atque
1360 2975 1540 3047 Burgundica
1563 2973 1605 3030 ita
1623 2974 1711 3033 etiam
1729 2974 1759 3029 in
1776 2974 1902 3030 Romana
1919 2973 2059 3046 cogitavit
2075 2973 2110 3031 de

731 3063 809 3117 certa
826 3061 889 3133 lege
907 3060 1025 3131 6661666,
1048 3078 1121 3131 6666
1140 3060 1187 3115 rix
1204 3059 1263 3116 alia
1280 3078 1341 3117 esse
1358 3061 1454 3131 potuit
1471 3062 1557 3130 atque
1575 3059 1750 3128 Alariciana‚
1773 3062 1804 3116 et
1824 3062 1858 3117 66
1878 3061 1977 3118 extant
2000 3059 2110 3116 addita

729 3151 826 3204 menta
843 3146 932 3218 ipsius
952 3147 988 3203 66
1006 3146 1098 3220 legem
1115 3145 1313 3203 Ribuariorum
1330 3147 1512 3218 (166111)
1528 3148 1560 3203 66
1577 3145 1789 3203 baiuvariorum
1807 3146 1872 3215 (1.6.
1886 3148 1997 3219 6157),
2020 3150 2050 3202 66
2066 3162 2110 3202 666

731 3231 846 3288 16611666
864 3231 997 3287 66616666
1014 3231 1057 3287 616
1075 3248 1173 3288 666666
1191 3232 1339 3301 plerasque
1356 3232 1401 3288 'ex
1412 3231 1539 3286 llomana
1554 3249 1603 3287 666
1615 3231 1861 3304 Langobardorum
1876 3231 1949 3304 lege‘
1960 3229 2111 3286 diiudicari

730 3317 869 3391 potuisse,
893 3318 1032 3389 quaedam
1054 3321 1149 3374 tamen
1166 3317 1323 3390 repperisse
1343 3336 1373 3375 se
1391 3316 1426 3372 iis
1444 3317 1574 3374 addenda
1590 3317 1618 3388 (l.
1631 3335 1655 3373 6.
1669 3336 1696 3389 ρ.
1708 3318 1782 3387 204),
1805 3316 1901 3388 potnit
1923 3315 2054 3373 similiter
2074 3316 2112 3372 66

731 3406 890 3478 exemplum
910 3402 1016 3461 Alarici
1040 3404 1133 3477 legem
1156 3404 1309 3460 1666666661
1334 3403 1363 3460 16
1385 3403 1482 3461 Gallia
1502 3406 1646 3477 receptam
1668 3403 1771 3463 emissa
1792 3402 1992 3461 constitutione
2015 3402 2111 3460 conflr-

731 3510 817 3550 mare.
850 3492 941 3549 Favet
961 3492 988 3550 ei
1006 3490 1184 3550 coniecturae
1205 3491 1333 3549 codicum
1356 3491 1489 3549 breviarii
1511 3492 1596 3564 copia
1617 3492 1654 3549 ab
1672 3495 1769 3549 aetate
1787 3489 1969 3563 Karolingica
1986 3508 2112 3548 crescens

732 3585 770 3646 et,
788 3580 812 3636 si
829 3580 967 3637 rationem
985 3578 1120 3648 babemus
1138 3578 1347 3634 decurtatorum
1364 3581 1394 3634 66
1411 3578 1638 3649 epitomatorum,
1657 3596 1721 3634 vere
1739 3577 1845 3651 ingens
1880 3579 1979 3647 ltaque
1998 3576 2113 3632 adnata

733 3666 804 3724 tioni
823 3666 850 3722 61
868 3667 949 3723 fidem
969 3684 1018 3721 cur
1036 3665 1211 3736 denegemus,
1229 3682 1316 3720 causa
1333 3664 1413 3720 nulla
1430 3668 1480 3721 eet

749 3787 791 3843 De
803 3783 1036 3857 interpretatione
1050 3783 1117 3849 6166,
1135 3787 1169 3840 66
1184 3783 1348 3854 appellatur
1360 3782 1389 3838 in
1402 3782 1474 3840 libro
1488 3783 1519 3847 0,
1537 3781 1744 3854 explanatione,
1762 3800 1847 3853 qnam
1864 3781 1984 3853 singulis
2003 3780 2114 3854 legibus

665 3874 817 3946 prudentes
836 3869 1121 3935 (166616661666666,
1146 3869 1278 3925 hocloco
1299 3887 1354 3925 non
1372 3873 1484 3942 agetur;
1508 3887 1574 3926 nam
1595 3887 1650 3926 non
1671 3871 1715 3926 est
1737 3867 1842 3926 aetatis
1860 3868 2002 3925 Romanae
2021 3870 2052 3923 st
2068 3885 2113 3925 ex·

664 3958 812 4032 pendenda
829 3957 873 4026 iis,
891 3957 940 4030 661
956 3975 1048 4015 rerum
1065 3952 1233 4013 6666116661
1252 3972 1347 4011 curam
1365 3957 1462 4028 agunt.
1493 3954 1553 4028 Ego
1571 3954 1747 4013 6661666661
1771 3957 1880 4013 textum
1902 3971 2045 4012 recensere
2068 3955 2115 4009 ad·

664 4045 725 4106 (lito
743 4049 884 4120 apparatu
902 4044 995 4118 quoad
1012 4043 1122 4102 codices
1139 4044 1237 4117 plenos
1255 4045 1352 4117 pleno;
1371 4042 1532 4101 decurtatos
1549 4042 1624 4101 enim
1640 4041 1743 4116 sprevi.
1773 4041 1851 4102 Libri
1869 4041 1957 4101 nostri
1976 4041 2114 4100 1166616611

665 4133 854 4208 antiquissimi
872 4152 935 4190 curn
953 4136 1048 4193 aetate
1066 4132 1102 4189 66
1121 4131 1212 4205 ipsam
1230 4149 1318 4205 prope
1336 4132 1480 4200 accedant,
1499 4129 1682 4190 nihilominus
1700 4148 1791 4203 66666
1806 4130 2003 4189 additamenta
2014 4129 2116 4189 666666

666 4312 860 4377 Muellerum,
879 4314 909 4368 et
927 4308 1119 4374 inveniuntur,
1137 4325 1308 4379 quamquem
1325 4325 1401 4373 raro,
1418 4308 1596 4379 corruptelae
1613 4324 1724 4377 quoque
1742 4305 1874 4364 similiter
1890 4305 2019 4362 omnibus
2035 4304 2117 4362 librio

667 4417 833 4464 communes.
850 4401 885 4453 ut
900 4398 926 4464 3,
938 4398 978 4460 12,
987 4397 1013 4462 6,
1023 4398 1054 4451 ’7
1072 4398 1136 4450 certi
1155 4396 1198 4452 vel
1216 4400 1282 4450 certe
1300 4412 1352 4467 pro
1369 4395 1432 4449 terti
1444 4424 1478 4435 -
1491 4395 1516 4458 5,
1524 4395 1550 4458 9,
1559 4395 1584 4459 2,
1596 4395 1628 4451 16
1644 4410 1720 4463 quon
1737 4412 1788 4464 pro
1805 4394 1934 4463 66661666
1955 4393 2117 4459 -12,1,47

662 4490 772 4553 praeter
794 4500 845 4555 pro
866 4488 1002 4551 praetem
1020 4512 1052 4522 -
1071 4479 1557 4548 Τ6666.666.22,2666661616666
1575 4478 1740 4534 6666616666.

758 4658 779 4720 ¹)
799 4662 914 4726 Egsrunt
931 4658 963 4709 ds
979 4657 1080 4724 sylloge
1091 4659 1140 4709 666
1152 4659 1213 4708 linx
1226 4658 1330 4715 Corrrst.
1345 4653 1491 4706 0666616616
1503 4653 1550 4705 der
1564 4653 1672 4716 0661166
1683 4652 1740 4703 666
1752 4651 1883 4703 61666666
1895 4648 2117 4703 desecaretur

667 4727 704 4780 isa
720 4727 844 4794 fritlam
858 4727 1009 4779 6166616666
1024 4725 1034 4776 1
1050 4724 1140 4791 11891)
1156 4742 1180 4793 p.
1190 4725 1232 4776 14.
1244 4724 1296 4776 2211
1312 4734 1339 4776 66
1352 4726 1493 4776 61666666
1509 4722 1624 4774 areticio
1637 4721 1765 4787 6166616166
1780 4721 1829 4772 661.
1839 4718 1871 4771 ll
1885 4717 1976 4784 (1891)
1989 4736 2012 4786 p
2025 4716 2117 4786 18666.

668 4805 695 4851 66
711 4797 878 4850 ternomio
896 4797 1006 4848 annales
1024 4795 1056 4848 de
1074 4795 1092 4846 1¹
1099 4793 1239 4846 [6616666166
1255 4793 1287 4846 de
1306 4794 1436 4845 Greaoble
1454 4793 1504 4845 rol.
1520 4790 1549 4843 ll
1570 4787 1661 4857 (1899)
1680 4807 1704 4859 p·
1717 4788 1770 4842 896
1778 4806 1831 4855 666.

761 4884 783 4945 1)
802 4883 914 4935 Korolus
926 4899 1036 4950 magnus
1053 4883 1087 4934 ab
1105 4899 1130 4935 a.
1141 4879 1191 4932 774
1208 4881 1240 4932 66
1259 4897 1282 4932 a
1295 4877 1348 4932 800
1359 4880 1421 4946 ipsis
1439 4878 1522 4931 titulis
1539 4893 1619 4943 snpra
1636 4876 1724 4929 relatis
1742 4892 1806 4927 usos
1823 4882 1863 4928 est
1880 4892 1962 4927 annon
1979 4889 2119 4926 numerans

669 4954 743 5008 6616
760 4952 778 5005 9
795 4956 850 5006 061.
861 4950 913 5004 ’168
931 4952 1068 5017 (66666666
1087 4959 1187 5019 regesta
1205 4950 1304 5018 imperii
1323 4949 1401 5001 roll
1421 4966 1445 5001 s.
1462 4945 1527 4999 1889
1544 4965 1569 5016 p.
1583 4947 1710 5011 Lxxlv).

1240 5224 1549 5235 ——-—-
