5250 6350
1230 600 1264 610 -
1300 567 1385 625 CXLI
1420 599 1456 611 -

689 740 744 779 non
762 720 852 778 solum
870 723 1047 794 receperunt,
1066 724 1115 779 sed
1133 723 1219 780 etiarn
1236 742 1286 780 suo
1304 723 1367 781 loco
1384 743 1460 790 eam,
1478 728 1590 783 munta
1607 730 1758 799 propterea
1775 728 1848 799 legis
1865 729 2007 799 sequentis
2025 730 2064 787 in·

688 807 841 879 scriptione
853 809 883 864 et
892 806 991 862 addita
1003 807 1078 862 iusta
1090 808 1272 879 expositione,
1286 810 1328 865 ita
1337 810 1445 882 corpori
1458 810 1641 877 insememnt,
1654 816 1687 868 nt
1696 830 1748 883 pro
1757 813 1886 886 legitima
1895 817 2065 885 procederet

705 1049 843 1107 Breviarii
863 1052 951 1106 torma
964 1048 1117 1119 primitiva,
1137 1050 1215 1105 onius
1229 1050 1350 1122 vestigia
1367 1051 1493 1107 servavit
1511 1052 1586 1106 solus
1603 1053 1661 1108 iere
1680 1051 1766 1108 codex
1783 1052 1814 1116 Ο,
1833 1058 1942 1111 mature
1955 1054 2066 1112 videtur

618 1138 785 1196 oblitterata
806 1155 865 1193 esso
889 1134 1043 1205 exemplari
1065 1135 1195 1190 adhibito
1214 1136 1401 1191 'theodosiani
1427 1136 1538 1209 integri.
1574 1137 1715 1193 Successit
1738 1138 1827 1193 lomna
1845 1158 1891 1206 ea,
1915 1158 1999 1209 quarn
2021 1158 2066 1197 ex·

618 1224 718 1281 hibent
741 1221 850 1280 codices
874 1220 959 1277 nostri
985 1220 1098 1276 sacrandi
1118 1221 1222 1276 ordinis
1247 1222 1347 1293 optimi
1366 1222 1483 1293 qrriqne,
1505 1241 1622 1293 qrromnr
1644 1225 1829 1296 archetypum
1853 1226 1971 1283 baberet
1993 1228 2067 1283 bona

618 1311 713 1370 omnia
730 1330 803 1384 qsrae
826 1313 972 1369 servarunt
996 1308 1105 1367 conlisus
1127 1312 1178 1366 ant
1194 1311 1247 1365 XO
1262 1313 1313 1367 ant
1331 1310 1354 1365 S
1371 1313 1401 1367 ct
1424 1315 1571 1383 prraatema
1594 1310 1750 1385 singularia
1767 1313 1904 1382 qrraedam
1929 1312 1958 1370 in
1984 1314 2067 1371 buius

618 1399 743 1457 familiae
760 1398 877 1470 reliquis
895 1397 1032 1470 dispersa,
1056 1401 1088 1455 nt
1105 1399 1133 1454 in
1157 1399 1359 1456 constitutione
1376 1400 1479 1466 9,45,4
1497 1419 1570 1471 quae
1588 1401 1721 1471 liabetQ.
1756 1401 1810 1457 Sed
1828 1402 1926 1459 mdem
1949 1403 1986 1459 ab
2004 1403 2068 1475 ipsa

618 1487 726 1561 origine
744 1486 852 1545 mendis
869 1486 1026 1543 abundavit
1043 1489 1073 1542 et
1090 1506 1152 1543 mox
1171 1485 1257 1543 ctiam
1276 1487 1368 1559 magis
1386 1506 1404 1542 a
1420 1487 1544 1544 librariis
1562 1492 1695 1561 corrupta
1713 1492 1757 1545 eat
1774 1490 1805 1544 et
1823 1488 2004 1560 interpolata.

704 1573 811 1630 Deinde
830 1572 1039 1628 Theudosianas
1059 1571 1236 1628 Alaricianus
1260 1575 1346 1629 semel
1371 1578 1458 1640 certo,
1484 1575 1602 1630 fortasse
1627 1574 1740 1646 saepius
1762 1578 1934 1632 retractatus
1956 1581 2000 1633 est
2021 1577 2068 1632 ad·

618 1660 718 1717 bibitis
738 1660 829 1716 denuo
853 1658 1060 1728 exemplaribus
1083 1657 1269 1713 'theodosiani
1294 1658 1398 1730 integri
1424 1662 1455 1715 et
1477 1659 1520 1714 ita
1543 1678 1577 1715 ea
1602 1661 1691 1715 torma
1713 1661 1826 1725 effecta,
1850 1678 1934 1730 quam
1957 1661 1986 1716 in
2008 1661 2069 1716 uni-

618 1763 727 1802 versum
750 1742 816 1799 libri
840 1741 945 1797 ordinis
969 1742 1056 1797 nostri
1078 1740 1202 1797 melioris
1225 1745 1446 1813 repraesentant.
1483 1744 1572 1805 Quale
1593 1745 1752 1814 exemplum
1776 1745 1882 1799 ordinis
1905 1745 2068 1801 vetustioris

617 1830 769 1902 prudentes
783 1827 815 1883 hi
827 1827 1017 1891 adhibuerint,
1036 1827 1182 1899 ignoratur
1194 1830 1344 1898 potestque
1362 1828 1392 1883 id
1410 1827 1445 1884 iis
1457 1846 1530 1898 quae
1541 1829 1678 1885 habemus
1690 1828 1866 1900 praestitisse
1884 1831 1915 1887 et
1933 1830 2067 1887 bonorum

618 1934 721 1985 eorum,
739 1933 812 1987 qnae
829 1915 918 1970 habet
935 1914 1003 1970 ordo
1020 1911 1127 1978 melior,
1145 1930 1211 1984 pars
1228 1912 1294 1970 inde
1313 1912 1459 1984 proficisci.
1494 1913 1686 1971 Nihilominus
1703 1916 1738 1971 da
1756 1915 1801 1971 his
1819 1915 2069 1973 retractationibus

618 2001 750 2061 breviarii
774 2000 913 2059 adhibitis
935 1999 1038 2074 integri
1056 1998 1180 2071 corporis
1197 1998 1405 2072 exemplaribus
1422 2000 1547 2057 dubitari
1571 2020 1625 2057 nou
1647 2004 1743 2074 potest
1759 2001 1880 2060 maxime
1901 2006 2017 2074 propter
2035 2020 2070 2059 ea

619 2108 692 2161 quaa
705 2108 791 2162 supra
803 2086 999 2147 adnotavimus
1013 2087 1048 2144 de
1060 2085 1291 2158 inscriptionibus
1303 2086 1535 2145 constitutionum
1549 2092 1578 2144 et
1590 2089 1625 2144 do
1638 2088 1887 2146 constitutionibus
1898 2087 2069 2153 adiecticiis;

618 2177 770 2249 pmdontes
789 2194 807 2232 a
825 2175 928 2247 quibus
946 2176 1016 2232 haec
1033 2173 1161 2246 prosecta
1178 2177 1245 2229 sunt
1262 2173 1321 2230 deri
1339 2192 1393 2230 non
1411 2173 1515 2247 potnit,
1533 2175 1602 2246 quin
1620 2175 1707 2231 etiarn
1725 2176 1819 2248 legum
1839 2175 1925 2232 verba
1942 2175 1989 2232 hic
2006 2170 2067 2231 illic

618 2264 776 2319 conferrent
794 2279 883 2330 eaque
901 2264 953 2316 aut
970 2260 1150 2316 emendarent
1168 2263 1219 2315 aut
1237 2263 1312 2316 certe
1330 2260 1506 2316 adnotarent
1537 2262 1582 2317 lta
1600 2262 1702 2318 effecta
1719 2265 1763 2318 est
1780 2280 1835 2317 non
1849 2261 1973 2317 recensio
1985 2279 2066 2327 nova,

617 2348 666 2404 sed
683 2346 802 2417 antiqua
819 2346 937 2401 subinde
955 2346 1113 2401 immutata
1143 2345 1230 2400 Plena
1248 2348 1281 2400 ut
1298 2344 1510 2416 distinguantur
1521 2347 1627 2403 formae
1639 2346 1773 2411 diversae,
1792 2347 1889 2417 perlici
1905 2365 1960 2402 non
1972 2348 2068 2418 potest

617 2451 708 2504 nsque
726 2432 817 2488 altera
833 2434 899 2487 utra
916 2431 953 2485 ad
971 2434 1062 2487 certos
1080 2429 1190 2486 codices
1207 2429 1348 2494 revocari3
1367 2432 1456 2487 mixta
1473 2432 1623 2487 traduntur
1640 2431 1743 2488 omnia
1780 2432 1848 2487 Inde
1867 2431 1895 2487 in
1915 2432 1995 2489 libris
2012 2450 2067 2488 non

618 2518 717 2593 paucis
735 2517 947 2592 dittographiae
971 2515 1075 2589 passim
1098 2515 1289 2589 reperiuntum
1313 2519 1462 2589 praeterea
1484 2515 1525 2575 ibi
1543 2536 1666 2590 qnoque,
1690 2517 1739 2574 ubi
1763 2518 1798 2576 da
1821 2516 1857 2573 iis
1879 2536 1933 2575 non
1955 2520 2068 2575 constat

618 2625 668 2681 per
685 2605 827 2675 librarios,
851 2603 964 2663 collatis
985 2602 1129 2661 codicibus
1152 2602 1281 2676 pluribus
1303 2602 1386 2661 binae
1409 2602 1545 2662 lectiones
1567 2604 1725 2677 antiquitus
1743 2604 1867 2663 traditus
1884 2603 1982 2662 multia
1998 2603 2068 2662 locis

618 2698 815 2768 agnoscuntur.
850 2690 976 2763 Denique
995 2690 1192 2749 adnotationes
1215 2689 1415 2764 temporariae,
1439 2690 1593 2763 dequibus
1614 2710 1698 2763 supra
1716 2710 1743 2765 p.
1756 2693 1862 2749 XXXV
1880 2691 2013 2759 diximus,
2038 2690 2067 2747 in

618 2782 671 2839 boo
689 2782 785 2839 ordino
803 2783 860 2839 iere
877 2779 1058 2836 inveniuntur
1075 2779 1213 2836 sublatae.
1532 2836 1538 2844 ,

703 2867 823 2926 Omnino
835 2868 864 2924 in
877 2866 1133 2930 constitutionibus,
1151 2883 1225 2936 qnae
1236 2883 1255 2920 a
1267 2863 1413 2921 Breviorio
1426 2866 1488 2922 solo
1506 2865 1638 2937 pendent,
1657 2865 1710 2924 etsi
1729 2885 1784 2923 non
1805 2870 1882 2925 recto
1900 2869 2067 2938 spernentur

618 2956 754 3012 librorum
772 2954 1010 3028 praestantiorum
1033 2952 1169 3008 lectiones
1192 2950 1279 3006 etiam
1302 2950 1472 3022 singulares,
1497 2950 1674 3022 potissimum
1698 2952 1889 3023 respiciendae
1911 2956 1977 3009 sunt
1994 2969 2067 3022 quae

618 3044 684 3096 sunt
706 3041 822 3097 duomm
845 3039 972 3095 ordinum
994 3055 1046 3093 nec
1070 3040 1221 3108 pmpterea
1244 3037 1279 3093 do
1297 3036 1443 3092 ordinibus
1461 3036 1531 3109 ipsis
1549 3037 1746 3103 dubitandum,
1770 3038 1845 3108 quod
1868 3054 2067 3109 saepenumero

619 3125 776 3182 admittunt
793 3126 881 3181 libros
893 3125 957 3195 plus
970 3123 1060 3179 minus
1071 3121 1191 3186 alienum
1211 3140 1274 3178 nam
1288 3120 1492 3178 contaminatio
1504 3121 1701 3193 antiquissima
1712 3126 1743 3179 et
1754 3124 1813 3180 late
1826 3126 1927 3195 patens
1939 3122 2067 3179 ordinum

620 3213 687 3267 lines
703 3210 809 3283 passim
826 3208 1012 3282 perturbavit
1050 3210 1094 3263 lta
1115 3208 1187 3263 dnae
1209 3206 1345 3263 lectiones
1367 3206 1416 3262 ubi
1439 3207 1698 3279 deprehenduntnr,
1723 3207 1812 3264 maior
1834 3208 1990 3266 auctoritas
2013 3207 2068 3265 erit

620 3297 688 3365 cius,
707 3316 792 3369 qnam
811 3300 909 3355 tenent
926 3295 991 3352 libri
1011 3313 1028 3351 u
1044 3293 1124 3351 nobis
1142 3293 1270 3352 meliores
1282 3292 1437 3366 nuncupati
1446 3315 1453 3360 ;
1471 3295 1519 3350 sed
1539 3298 1632 3366 potest
1646 3295 1838 3353 verumetiam
1853 3299 1995 3353 servatum
2008 3313 2067 3353 esse

620 3405 670 3459 per
688 3386 847 3445 deteriores.
882 3386 954 3442 Sane
973 3403 1026 3442 nou
1046 3382 1129 3454 pauci
1147 3381 1202 3439 loci
1222 3382 1264 3440 ita
1281 3382 1467 3440 remanebunt
1483 3382 1623 3457 ambigui,
1642 3386 1675 3440 nt
1691 3384 1814 3457 exempli
1831 3403 1918 3441 cansa
1935 3383 1964 3441 iu
1983 3384 2067 3443 inter·

620 3472 788 3545 pretationis
805 3475 867 3531 loos
887 3475 910 3541 ii,
923 3474 962 3538 12,
972 3471 1036 3540 2⁸8
1053 3470 1139 3529 aliter
1153 3472 1244 3528 relato
1262 3470 1291 3527 in
1305 3472 1369 3537 Nlo,
1388 3470 1472 3528 aliter
1484 3471 1513 3527 in
1526 3471 1679 3528 BOPMSL
1696 3475 1760 3529 ntra
1778 3472 1867 3528 forma
1884 3471 2005 3542 antiqua
2021 3472 2067 3538 sit,

620 3579 671 3633 per
689 3560 798 3617 codices
815 3580 871 3618 nou
889 3560 1027 3618 definitur.
1064 3557 1189 3628 Denique
1208 3559 1261 3614 hoc
1279 3576 1391 3629 quoque
1409 3557 1438 3613 in
1457 3557 1597 3615 breviario
1614 3560 1710 3630 potest
1727 3558 1861 3626 evenisse,
1883 3562 1916 3615 ut
1933 3558 2068 3616 lectiones

620 3647 692 3703 dnae
711 3647 838 3704 disemus
856 3647 973 3704 redeant
994 3647 1031 3702 ad
1049 3646 1153 3719 integri
1172 3647 1361 3704 'theodosiani
1378 3647 1552 3718 exemplaria
1568 3647 1766 3718 discrepantia
1801 3647 1841 3703 At
1862 3648 1891 3703 in
1908 3647 2068 3704 universnm

620 3732 754 3789 breviarii
772 3736 866 3790 textus
884 3731 965 3796 talis,
984 3732 1076 3802 qualis
1095 3731 1123 3788 in
1142 3733 1297 3804 archetypo
1316 3732 1383 3798 init,
1401 3732 1430 3786 in
1450 3733 1594 3790 codicibus
1612 3733 1714 3789 nostris
1731 3732 1871 3804 reperitur
1888 3737 1964 3791 recte
1982 3732 2069 3788 tradi·

621 3821 679 3881 tus;
702 3816 900 3889 inscriptiones
917 3835 1028 3888 quoque
1047 3816 1280 3873 constitutionum
1298 3817 1434 3889 ipsaeque
1452 3817 1674 3890 subscriptiones
1697 3816 1726 3872 in
1750 3817 1786 3872 iis
1803 3816 1884 3873 libris
1902 3818 2003 3888 plenae
2021 3818 2068 3872 ad·

620 3907 686 3959 sunt
704 3907 734 3960 et
751 3903 937 3976 incorruptae,
956 3906 986 3960 et
1003 3905 1151 3975 praestant
1168 3903 1223 3959 hoc
1240 3902 1353 3960 nomine
1371 3901 1505 3959 breviarii
1517 3902 1671 3959 Alariciani
1689 3901 1754 3959 libri
1774 3903 1858 3974 longe
1875 3902 1919 3968 iis,
1937 3919 1988 3974 per
1999 3920 2069 3972 quos

621 3988 756 4047 traditum
775 3988 911 4047 babemus
929 3988 1053 4046 codicem
1071 3987 1267 4046 lastinianum.
