5250 6350
1146 613 1341 677 ..ΧΠ-

517 775 593 837 solus
610 774 697 839 codex
715 773 807 836 l'sicr
829 764 919 836 lisso-d
935 777 1157 836 constitutionum
1174 777 1319 849 11141171,
1342 761 1520 836 4414441444
1538 752 1685 851 praeterea
1702 774 1791 837 indici
1809 772 1969 838 titulorum:

518 869 593 925 titali
608 869 671 926 dissi
687 867 751 937 (414)
764 867 958 937 Theodosiani‚
976 867 1051 938 qnod
1068 865 1117 939 qui
1135 865 1257 937 scripsit,
1276 869 1420 923 auctorem
1439 865 1563 938 corporis
1580 865 1696 938 putavit
1715 884 1771 925 444
1783 866 1971 925 'lheodosium

519 976 588 1025 ease,
606 957 656 1015 sed
666 954 903 1013 l'heodcsiauum.
933 950 1058 1025 Singulis
1070 950 1152 1008 libris
1170 950 1281 1007 codices
1298 953 1351 1007 ant
1366 951 1458 1008 solnm
1475 969 1621 1015 numerum
1636 952 1824 1021 subscribunt,
1842 953 1925 1012 41111
1942 954 1972 1011 in

520 1043 617 1100 codice
629 1042 664 1109 Β,
682 1041 752 1098 item
764 1040 795 1097 14
807 1041 861 1097 fine
873 1038 1047 1111 quorundam
1059 1037 1195 1094 librorum
1207 1036 1237 1092 in
1249 1036 1346 1094 codice
1362 1036 1393 1106 V,
1411 1041 1462 1094 441
1475 1037 1598 1094 adicitur
1609 1056 1695 1094 unum
1707 1038 1876 1096 vocabulum
1889 1040 1972 1095 Theo-
2074 1063 2076 1066 ·

519 1128 634 1197 dosiasi,
651 1129 685 1185 nt
696 1128 803 1185 iactum
816 1128 860 1184 est
871 1126 901 1182 in
914 1124 1011 1182 codice
1023 1124 1050 1180 Τ
1058 1125 1095 1180 ad
1106 1124 1189 1181 finem
1200 1122 1337 1180 librorum
1349 1125 1487 1196 (excepto,
1505 1127 1539 1181 ut
1551 1123 1658 1181 dictum
1673 1128 1724 1192 441,
1741 1128 1885 1196 extremo),
1903 1127 1972 1185 item

520 1216 550 1273 in
563 1214 659 1273 codice
670 1214 695 1271 V
710 1214 741 1271 in
751 1213 806 1273 1144
820 1213 955 1271 librorum
967 1211 1150 1283 quorundam
1179 1209 1306 1281 Denique
1323 1209 1353 1266 in
1364 1208 1502 1269 Breviarii
1520 1211 1634 1270 exordio
1647 1211 1779 1269 dicuntur
1789 1229 1823 1270 eo
1836 1212 1973 1271 contineri

519 1304 597 1375 'iopes
612 1303 666 1359 sios
681 1301 775 1373 specics
791 1301 862 1357 14414
878 1299 912 1356 dc
926 1299 1112 1357 Theodosiana
1128 1299 1169 1355 od
1185 1297 1219 1354 dc
1236 1297 1346 1354 diceris
1362 1297 1447 1354 libris'
1463 1301 1494 1356 et
1511 1298 1700 1371 antiquissimi
1718 1299 1824 1371 quiquo
1835 1300 1974 1359 Breviarii

521 1390 639 1458 codices¹
657 1389 688 1447 in
703 1388 749 1446 his
760 1389 829 1460 ΡΜ,
847 1386 967 1461 singulis
982 1385 1064 1444 libris
1074 1403 1130 1443 uon
1142 1386 1323 1443 subscribunt
1334 1384 1389 1442 nisi
1406 1385 1583 1443 lhcodosiasd
1600 1385 1712 1445 adiecto
1724 1386 1796 1444 libro
1808 1394 1839 1448 et
1851 1406 1974 1447 numero.

521 1477 712 1535 librariorum
730 1481 826 1534 autem
843 1492 904 1532 4444
922 1473 1054 1531 ridentur
1070 1473 1095 1529 si
1113 1491 1170 1543 qua
1187 1473 1365 1544 reperiuntur
1382 1472 1591 1540 additamenta,
1613 1477 1647 1531 ut
1664 1476 1885 1531 constitutionum
1903 1475 1976 1532 ridi·

523 1583 584 1620 mus
601 1562 743 1621 adiectum
761 1580 821 1620 esse
838 1562 868 1618 in
886 1560 959 1618 libro
974 1560 1001 1616 Τ
1014 1563 1146 1626 extremo.
1165 1564 1198 1616 ut
1215 1559 1245 1615 in
1258 1559 1293 1614 ll
1305 1558 1438 1617 similitor
1449 1559 1645 1617 Theodosieno
1662 1560 1850 1618 subscribitur
1866 1563 1975 1633 aptio

525 1650 706 1707 l'hcodoriassi
722 1650 943 1706 444411141144444
959 1647 1030 1716 sos,
1047 1650 1081 1703 ut
1098 1646 1127 1702 in
1141 1646 1174 1701 N
1187 1646 1320 1702 dicuntur
1333 1645 1472 1704 breviario
1491 1645 1630 1703 contineri
1648 1646 1727 1701 roas
1743 1664 1778 1702 44
1793 1663 1903 1716 corporo
1921 1647 1977 1704 dici

527 1735 786 1803 Theodosianiisic)
804 1734 867 1790 libri
881 1733 964 1801 ΧΠ
982 1732 1013 1787 14
1030 1731 1054 1787 O
1070 1731 1273 1802 praescribitur
1289 1732 1423 1788 rubricis:
1441 1733 1580 1802 incipiunt
1596 1732 1720 1801 capitata
1738 1772 1786 1788 ...
1804 1734 1888 1802 149444
1905 1736 1976 1788 anti·

523 1813 642 1891 pomis
658 1837 678 1873 o
694 1818 844 1874 Theodosio
860 1818 963 1872 minore
980 1817 1155 1884 maram,
1172 1816 1359 1872 subscribitur
1376 1816 1449 1871 libro
1467 1822 1622 1888 postremo:
1641 1817 1751 1886 capticit
1767 1817 1834 1871 aas
1846 1818 1879 1872 Χ
1884 1819 1977 1890 V(sic)

527 1903 670 1961 rhedas
685 1904 798 1959 44144414
815 1902 849 1959 dc
866 1901 1067 1970 confirmation
1083 1901 1172 1972 logon
1189 1902 1374 1971 ascqaaem
1409 1900 1520 1957 Similia
1538 1901 1709 1971 reliquorum
1733 1900 1861 1958 codicum
1884 1903 1977 1961 relata

525 1992 555 2048 in
577 2009 673 2050 eorum
694 2008 809 2047 recensu
832 1991 886 2047 boc
907 1988 970 2045 loco
991 2005 1047 2044 non
1065 1987 1228 2061 repetimus
1246 2018 1280 2029 -
1299 1987 1539 2045 Constitutionurn
1562 1988 1596 2043 de
1619 1988 1767 2056 formanda
1790 1988 1845 2045 bac
1868 1989 1977 2063 sylloge

526 2077 689 2136 emissarum
707 2076 826 2149 priora
837 2075 1034 2147 4221444144
1055 2076 1091 2132 de
1109 2074 1276 2148 colligendis
1298 2075 1411 2147 legibus
1431 2074 1471 2131 ad
1486 2074 1688 2130 41444111υά1444
1708 2073 1872 2146 firmia&
1896 2084 1978 2148 atquc

528 2164 741 2235 Hessogcoiani
762 2162 860 2219 codicis
881 2165 911 2220 et
933 2179 997 2218 mox
1020 2162 1054 2219 da
1077 2160 1122 2217 his
1138 2160 1291 2217 ‘wdicihos'
1308 2160 1412 2227 tribus,
1437 2161 1529 2218 altera
1546 2179 1571 2217 a
1583 2161 1636 2217 425
1659 2160 1788 2218 nominat
1809 2170 1976 2223 4444414444

526 2251 609 2307 hoissi
629 2249 805 2305 21444114ιί441
826 2248 923 2304 codicis
944 2248 1022 2317 (hino
1044 2247 1169 2318 pendent
1190 2246 1313 2302 Isidorus
1334 2247 1404 2319 orig.
1420 2248 1510 2315 5,1,1
1528 2251 1559 2303 41
1581 2246 1754 2304 lastinianus
1778 2254 1865 2307 const
1901 2251 1979 2310 llaec

528 2353 602 2408 quas
624 2335 781 2393 omnia
803 2335 892 2408 praet.
910 2338 941 2392 et
958 2333 1042 2391 Cordi
1063 2332 1146 2389 nobis
1164 2335 1189 2400 l)
1211 2332 1296 2403 idque
1318 2332 1411 2404 ipsum
1435 2337 1479 2389 est
1499 2332 1529 2387 in
1552 2333 1640 2405 gestia
1661 2352 1685 2390 c.
1699 2336 1731 2389 4:
1754 2336 1818 2405 tegit
1841 2352 1874 2391 ca
1896 2336 1982 2393 codice

532 2421 718 2479 Theodosiana
736 2421 889 2490 eodemque
913 2420 1051 2476 vocabulo
1077 2418 1170 2475 utitur
1187 2418 1353 2474 constitutio
1371 2436 1396 2473 a
1409 2418 1461 2475 428
1482 2436 1568 2490 snpra
1589 2419 1682 2476 relata
1705 2420 1740 2477 da
1757 2420 1867 2493 sylloge
1889 2422 1981 2493 publi·

530 2507 621 2564 canda
643 2506 769 2576 itemque
787 2506 857 2562 data
880 2504 971 2562 4442
994 2505 1029 2560 (14
1046 2503 1256 2575 exemplaribus
1277 2502 1339 2559 4144
1362 2502 1499 2560 iaciendis
1517 2504 1626 2561 directa
1647 2504 1685 2561 ad
1707 2504 1981 2573 constititionarios3

531 2593 651 2664 deniqne
668 2592 799 2649 novellae
817 2590 876 2665 legi
892 2609 919 2647 4.
930 2592 982 2647 441
999 2593 1075 2660 (444.
1087 2588 1241 2647 l'becdcsii
1253 2589 1282 2657 2)
1299 2587 1330 2644 14
1341 2587 1533 2646 ottoboniano
1552 2589 1624 2647 libro
1642 2590 1683 2648 sic
1701 2591 1758 2648 iere
1776 2591 1982 2664 praescriptum

531 2684 586 2738 est:
611 2674 1388 2746 deThcodcsiasicodicisaoctoritatsstdstsgrtss‚
1413 2676 1981 2747 qsasiatasssutpostl'hcodosionosr

531 2766 587 2823 dici
600 2765 731 2823 Theodosi
747 2765 871 2836 ,4444411
906 2763 976 2838 legi
989 2762 1182 2822 Valentiniani
1201 2763 1241 2819 lll
1260 2781 1286 2819 a
1298 2763 1352 2820 442
1369 2762 1443 2831 (444.
1457 2762 1569 2820 Valent
1586 2763 1621 2819 25
1650 2763 1852 2836 praescribitur
1867 2766 1902 2823 ds
1919 2783 1982 2823 con·

531 2854 682 2925 )1444411444
702 2854 790 2924 hodor
815 2851 871 2909 dici
893 2853 1036 2923 (expectes
1061 2850 1175 2922 11444144)
1196 2848 1343 2906 Theodosii
1363 2850 1485 2921 Augusti
1504 2866 1574 2919 quoe
1640 2868 1673 2907 ac
1694 2857 1759 2907 sunt
1782 2858 1843 2923 post
1863 2853 1983 2911 Theodo-

532 2942 657 3010 dacum
680 2938 755 2995 idam
777 2938 850 2995 citat
870 2954 967 3007 corpur
987 2936 1204 2993 Themessos
1225 2952 1288 2991 444.
1304 2934 1385 3000 21,1.
1401 2932 1436 2990 24
1454 2936 1541 3006 praei.
1582 2936 1784 2993 Theodosiacus
1800 2939 1866 2995 ros
1887 2945 1931 2997 est
1953 2941 1983 2997 in

534 3024 673 3082 chronicis
690 3022 809 3080 Gallicis
829 3042 856 3080 4.
871 3022 924 3079 452
948 3023 1018 3093 (chr.
1035 3021 1135 3078 mini
1161 3039 1189 3093 p.
1201 3021 1279 3091 600);
1308 3020 1511 3077 modam
1532 3022 1599 3091 teges
1623 3022 1807 3095 appellantur
1828 3042 1847 3081 a
1869 3024 1983 3083 Sidonio

534 3110 701 3185 Apollinare
717 3113 771 3182 (ep.
786 3112 813 3177 1,
828 3110 861 3181 1).
880 3140 913 3151 -
931 3110 964 3166 14
986 3107 1206 3182 allegationibus
1229 3107 1357 3180 syllegae
1380 3107 1457 3180 apud
1480 3107 1648 3181 posteriores
1672 3126 1727 3166 non
1752 3110 1985 3182 hequentissimis

537 3198 698 3255 dominatur
719 3196 926 3254 Theodosium
943 3198 1028 3256 nude:
1049 3196 1093 3254 ita
1110 3195 1216 3253 citatur
1237 3195 1267 3251 in
1285 3194 1443 3268 appendice
1466 3195 1558 3267 priore
1584 3197 1717 3255 breviarii
1735 3200 1769 3268 (c.
1781 3199 1817 3254 20
1834 3204 1865 3257 41
1885 3200 1915 3257 14
1932 3200 1986 3258 dne

536 3286 613 3358 apud
625 3285 809 3357 llrnegernm)
826 3287 856 3341 et
873 3283 904 3340 in
921 3283 1048 3342 auctario
1066 3282 1299 3341 constitutionum
1312 3281 1569 3339 Sirmondianarum
1588 3283 1664 3352 (vide
1676 3284 1714 3341 ad
1734 3285 1756 3351 1,
1766 3286 1808 3353 21,
1821 3286 1846 3357 l)
1864 3291 1894 3344 et
1911 3290 1988 3360 apud

535 3372 689 3429 Iohannem
706 3370 815 3441 Lydum
837 3369 882 3426 bis
901 3371 936 3427 (14
954 3389 1028 3444 mag.
1041 3370 1066 3438 2,
1078 3370 1121 3426 40.
1139 3370 1164 3436 2,
1176 3370 1212 3426 40
1230 3369 1291 3437 (nbi
1308 3370 1326 3423 c‘
1342 3370 1428 3424 ntitas
1447 3370 1627 3432 Osodooscro'c
1651 3371 1804 3443 opponitur
1821 3375 1860 3447 441
1876 3377 1987 3449 compl),

537 3476 602 3514 cnm
621 3457 652 3513 in
670 3457 755 3514 tertio
774 3457 836 3514 loco
854 3457 880 3524 2,
891 3457 928 3513 22
951 3457 1063 3514 dicatur
1084 3457 1101 3510 d
1118 3458 1205 3511 nitas
1223 3456 1404 3516 04444444νό4
1420 3456 1517 3525 said&
1538 3457 1608 3513 item
1629 3457 1659 3513 iu
1677 3457 1740 3529 lege
1757 3458 1987 3531 Burgundionum

536 3543 664 3599 Romana
681 3542 799 3614 passim
817 3543 887 3601 item
904 3542 936 3598 14
948 3542 1162 3599 0444411411444
1179 3541 1408 3613 444441(6,’1,2);
1425 3542 1523 3598 eodem
1540 3542 1621 3608 redit,
1639 3544 1714 3612 qnod
1730 3545 1816 3601 semel
1834 3546 1941 3617 legitur
1958 3546 1988 3602 in

537 3628 601 3702 lege
619 3628 849 3700 Burgundionum
867 3627 954 3698 (1,3)‚
976 3627 1045 3686 item
1064 3628 1141 3699 apud
1159 3627 1330 3701 gromaticos
1347 3634 1387 3699 (p.
1398 3627 1450 3683 221
1471 3628 1595 3698 Lacbm.)
1612 3633 1642 3685 et
1660 3629 1767 3700 passim
1784 3629 1813 3686 in
1831 3631 1989 3702 appendice

538 3715 693 3787 posteriore
705 3713 840 3770 breviarii
853 3717 891 3786 (p.
901 3714 1002 3785 hddsq.
1017 3715 1153 3786 llrneger)
1166 3718 1196 3769 et
1210 3713 1239 3768 in
1252 3713 1465 3771 Consultaticne
1477 3731 1573 3783 corpas
1584 3714 1769 3784 lheodcsioni,
1787 3718 1893 3788 pariter
1904 3723 1990 3788 atquc
2087 3718 2107 3737 “

538 3800 644 3872 passim
662 3799 802 3870 reperitur
812 3815 909 3868 corpus
922 3802 967 3867 (=
981 3799 1121 3867 volumen)
1135 3798 1289 3868 Papiniani
1299 3798 1413 3867 (142),
1430 3816 1528 3868 corpas
1542 3800 1654 3868 Ulpiani
1669 3800 1840 3869 (insonante
1857 3802 1989 3874 regulas),

537 3901 634 3954 corpus
647 3883 815 3953 0449441441,
833 3900 933 3954 corpus
945 3885 1110 3939 4444114444
1125 3883 1270 3938 Theodosii
1288 3889 1313 3938 ct
1329 3884 1513 3939 Valentiniani
1524 3886 1581 3947 ilex
1594 3885 1677 3956 Bnrg.
1690 3887 1715 3954 2,
1725 3885 1753 3954 2)
1766 3890 1796 3942 41
1807 3894 1895 3959 negat
1906 3888 1990 3945 inter·

538 3987 604 4044 pres
621 3968 799 4026 Alaricianus
818 3969 867 4038 (ad
884 3968 938 4025 Th.
948 3971 972 4036 1,
982 3970 1008 4036 4,
1018 3968 1047 4036 2)
1065 3968 1229 4026 Scaevolam
1247 3968 1374 4039 aliosque
1393 3970 1547 4045 prudentes
1566 3974 1693 4027 vetustos
1709 3973 1741 4026 iss
1757 3973 1816 4028 4414
1832 3976 1991 4045 corporibus

539 4058 598 4115 iam
623 4055 752 4113 inveniri.
790 4055 893 4126 (lorpes
914 4055 1135 4113 Thoodosiauom
1158 4056 1188 4112 iu
1214 4055 1437 4128 allegationibus
1463 4076 1518 4114 non
1545 4057 1639 4114 inveni
1664 4058 1719 4114 nisi
1745 4060 1822 4130 apud
1845 4061 1989 4119 'l'bendem

540 4162 637 4219 regem
645 4141 871 4218 wisigothorum
889 4143 916 4202 41
934 4143 1027 4219 legem
1044 4161 1123 4201 anam
1141 4143 1176 4200 de
1194 4143 1289 4201 litium
1306 4145 1437 4218 expensis
1455 4144 1634 4211 inserentem
1652 4165 1704 4204 nec
1715 4147 1806 4205 ruultc
1818 4147 1991 4221 frequentius

540 4233 683 4308 allegetur
697 4230 904 4291 Theodosium
921 4231 1004 4291 codro
1022 4233 1065 4291 val
1083 4232 1167 4291 codsa
1187 4232 1399 4305 l'hcodcriaeos,
1417 4233 1529 4293 scilicet
1546 4234 1575 4291 in
1593 4234 1709 4294 scholiis
1726 4234 1872 4296 2144111414
1890 4240 1925 4309 (a
1937 4237 1992 4297 22

541 4323 678 4397 llrneger)
696 4325 727 4379 41
744 4321 821 4395 apud
840 4321 1025 4396 imperatores
1044 4321 1225 4379 Anthemium
1245 4324 1320 4392 (444.
1333 4323 1361 4393 2)
1380 4328 1410 4380 41
1428 4322 1615 4381 lastinianum
1632 4324 1848 4397 (14412115),
1872 4326 1993 4399 denique

541 4412 618 4483 apud
636 4411 788 4467 Iohannem
806 4410 916 4482 Lydum
938 4409 1023 4468 tertio
1047 4410 1110 4466 loco
1131 4410 1182 4466 illc
1205 4427 1291 4482 snpra
1314 4409 1413 4467 citato.
1448 4410 1500 4465 llis
1517 4411 1646 4482 expensis
1670 4411 1848 4484 intellegitur
1864 4413 1994 4488 legitimo

541 4515 593 4552 usu
611 4497 740 4568 syllogen
758 4495 915 4567 nuncupari
932 4496 992 4552 solo
1004 4496 1142 4553 vocabulo
1154 4495 1353 4564 Theodosiani,
1370 4513 1436 4552 nam
1453 4496 1574 4553 alterum
1587 4497 1755 4553 vccabulum
1772 4501 1802 4555 et
1819 4499 1995 4557 scadicibns

542 4581 670 4654 syllogae
687 4581 804 4653 optimis
821 4582 980 4652 quibusque
997 4582 1079 4638 abest
1096 4587 1127 4637 et
1145 4583 1226 4638 abest
1245 4581 1351 4654 passim
1369 4581 1457 4638 etiam
1474 4582 1504 4637 in
1521 4582 1751 4655 allegationibus
1780 4583 1859 4642 Idem
1877 4586 1995 4644 14414444

543 4666 654 4724 obtinet
676 4668 711 4723 de
729 4667 901 4740 Gregoriano
924 4674 954 4725 et
976 4667 1011 4724 de
1033 4667 1269 4739 Hermogeniana,
1293 4685 1360 4724 nam
1383 4667 1428 4723 his
1445 4685 1556 4739 quoque
1579 4687 1665 4740 saepe
1687 4675 1764 4727 certe
1786 4671 1995 4730 substantivum

543 4752 651 4807 nullum
669 4752 847 4824 adiungitur;
870 4757 969 4809 contra
986 4751 1114 4825 legitime
1132 4752 1237 4809 dicitur
1255 4754 1342 4811 codex
1361 4753 1542 4810 lastinianus.
1564 4784 1592 4795 -
1614 4755 1687 4812 8444
1704 4756 1877 4829 syllogarum
1895 4758 1995 4814 harum

544 4837 703 4895 intitulatio
720 4837 778 4910 (egi
800 4838 835 4895 de
857 4856 892 4895 ea
914 4839 943 4894 in
961 4839 1139 4911 ephemeride
1157 4839 1339 4911 Savignyana
1358 4839 1411 4895 441.
1427 4841 1460 4895 10
1479 4858 1506 4911 p.
1517 4841 1662 4910 245444),
1686 4839 1748 4897 4144
1768 4842 1858 4898 solum
1880 4843 1996 4900 adiecti·

545 4943 610 4983 444
632 4942 684 4998 pro
706 4923 793 4981 111414
815 4924 907 4997 operis
929 4924 985 4983 tuit
1005 4925 1065 4983 4144
1088 4927 1125 4982 ad
1147 4925 1176 4982 id
1199 4925 1343 4983 adiectum
1360 4928 1408 4984 est
1422 4926 1528 4983 codicis
1548 4926 1724 4994 vccabulum,
1748 4928 1831 5000 longe
1852 4931 1961 4987 recedit
1979 4948 1997 4987 4

544 5011 630 5069 solita
647 5012 796 5068 titulorum
814 5011 977 5069 latinorum
995 5015 1085 5069 forma
1101 5013 1200 5069 multis
1217 5013 1355 5085 exemplis
1372 5012 1497 5079 firmata;
1515 5031 1605 5085 neque
1622 5013 1756 5086 displicet
1773 5033 1859 5086 quam
1876 5017 1917 5074 ibi
1935 5035 1997 5089 pro·

544 5097 626 5168 posui
644 5097 806 5155 coniectura
824 5098 949 5170 syllogus
966 5117 1021 5156 non
1040 5099 1216 5157 continentes
1233 5099 1288 5155 nisi
1311 5099 1387 5155 solas
1404 5098 1605 5170 imperatorum
1623 5100 1838 5158 comtitntiones
1856 5103 1997 5173 prudenti·

544 5181 598 5235 hus
615 5181 707 5252 magis
729 5199 780 5251 pro
798 5182 905 5237 tubulis
927 5183 1050 5253 publicis
1072 5184 1157 5240 inissa
1175 5201 1260 5252 quarn
1283 5202 1335 5254 pro
1359 5183 1440 5238 libris
1462 5184 1558 5253 itaque
1581 5202 1636 5239 uon
1658 5189 1806 5240 auctorum
1827 5186 1941 5240 uomina
1963 5187 1999 5242 iis

545 5263 638 5319 indita
660 5281 733 5330 esse,
756 5265 805 5321 sed
828 5266 965 5322 vocabulo
989 5267 1093 5324 codicis
1116 5267 1145 5322 in
1168 5267 1274 5324 tabulis
1296 5267 1421 5339 publicis
1442 5268 1572 5324 sollemni
1596 5286 1631 5325 ea
1653 5268 1739 5325 solita
1756 5287 1817 5325 esse
1838 5269 1997 5340 significari,

547 5366 602 5419 quo
625 5349 739 5407 abiecto
761 5355 862 5421 utpote
888 5353 1029 5409 communi
1053 5352 1177 5410 omnium
1202 5372 1237 5410 ea
1262 5354 1427 5425 plerumque
1449 5354 1559 5410 laudari
1584 5355 1636 5410 sub
1660 5353 1773 5412 nonrine
1795 5355 1999 5411 determinandi

548 5452 633 5492 cansa
651 5436 762 5492 adiecto
781 5437 866 5510 periti
884 5437 1097 5512 imperatorisve
1115 5439 1188 5508 4144,
1212 5440 1262 5511 qui
1285 5439 1413 5513 syllogen
1432 5440 1635 5514 composuisset
1653 5441 1698 5497 441
1717 5440 1846 5512 componi
1864 5440 1997 5502 iussisset
