5250 6350
1179 630 1213 643 ·-
1248 602 1326 658 LXII
1361 630 1394 641 -

564 763 654 832 1899),
680 761 709 818 14
731 761 793 820 1444
815 760 927 819 4114414
951 762 987 817 nd
1010 761 1091 818 tinem
1116 758 1153 816 ab
1176 758 1373 830 antiquissimo
1397 758 1600 831 interpolatore
1618 758 1688 826 (cod.
1706 760 1802 829 1849,
1824 761 1902 832 apud
1920 760 2013 818 Kanti-

562 871 694 909 mannum
711 872 740 925 p.
750 853 792 908 57.
803 853 835 908 77
849 853 883 908 cs.
897 870 924 923 p.
933 851 1038 921 XXIV)
1055 851 1144 907 habet
1161 848 1378 906 constitutiones
1390 849 1460 905 duas
1472 848 1524 904 'l'h
1536 849 1637 918 1441
1654 879 1686 890 -
1707 850 1781 915 1114,
1793 851 1815 915 1,
1834 868 1904 920 quus
1922 869 2014 923 sunap-

562 943 608 995 144
625 956 684 995 esse
702 956 736 995 ex
754 955 869 1009 corpore
882 941 977 994 nostro
990 937 1035 994 vel
1054 936 1120 993 iude
1138 939 1267 1008 apparet,
1285 936 1361 1005 quod
1380 936 1511 1000 secunda,
1529 953 1603 1005 4444
1620 934 1856 993 in'Pheodosiano
1873 937 2014 994 41444141-

561 1027 608 1080 tur
626 1025 728 1090 18,1,4
747 1024 832 1095 plena
849 1027 879 1079 et
898 1023 998 1089 18,4,1
1019 1022 1191 1093 imperfecta,
1210 1020 1257 1076 hic
1276 1020 1346 1076 item
1364 1020 1469 1092 legitur
1486 1020 1642 1076 decurtata.

357 1119 474 1189 Corpora
491 1121 550 1173 soal.
650 1118 684 1174 X.
710 1117 833 1190 Corpora
850 1116 1044 1175 ecelesiastica
1061 1134 1125 1172 cum
1143 1114 1360 1181 constitutiones
1378 1133 1412 1170 ex
1430 1113 1569 1171 breviario
1586 1115 1747 1172 1144141444
1765 1117 1870 1190 passim
1887 1119 2015 1185 afferant,

560 1206 693 1274 maxime.
711 1209 745 1263 ut
767 1204 839 1264 infra
859 1205 1034 1273 ostendetur,
1058 1202 1192 1263 breviarii
1213 1201 1317 1260 libram
1337 1200 1401 1259 XVI
1425 1199 1609 1261 adhibuerint
1632 1208 1748 1262 auctum
1769 1224 1803 1263 ex
1820 1207 2016 1267 Theodosiana

562 1297 679 1371 integro,
698 1294 914 1355 constitutiones
934 1294 997 1353 inde
1015 1297 1096 1352 extra
1113 1292 1247 1351 breviarii
1266 1310 1369 1349 nerum
1387 1292 1505 1350 haustas
1523 1310 1637 1366 perraro
1655 1298 1823 1369 proponunt
1852 1295 1925 1355 liihi
1943 1299 2016 1358 tales

562 1405 617 1446 nou
635 1386 819 1446 innotuerunt
836 1385 890 1444 nisi
909 1404 942 1444 ox
961 1401 1017 1443 una
1034 1384 1144 1458 sylloge
1162 1380 1363 1451 Quosnelliana
1380 1383 1424 1453 (=
1436 1380 1497 1439 cod.
1510 1380 1597 1440 Paris
1611 1382 1716 1441 88484
1734 1384 1886 1444 44447111
1905 1391 1936 1446 et
1952 1386 2016 1456 alin

563 1476 691 1534 lianssen
704 1475 815 1547 Quadra
828 1494 855 1550 p.
865 1475 925 1533 395.
937 1474 1072 1546 4811444),
1090 1491 1108 1530 4
1121 1491 1177 1545 444
1194 1472 1299 1546 pendet
1311 1471 1406 1529 ultera
1417 1469 1581 1529 Oolbertina
1592 1472 1635 1541 (=
1648 1473 1708 1529 cod.
1721 1473 1887 1532 larinum
1900 1494 1973 1536 saec.
1983 1478 2017 1548 Χ,

563 1565 692 1623 11444444
706 1565 815 1637 (1441144
832 1583 860 1637 p.
872 1562 1007 1634 8811581)
1025 1561 1186 1636 pendetque
1205 1560 1273 1618 item
1290 1559 1335 1631 (ut
1352 1558 1513 1616 observavit
1528 1559 1564 1617 li.
1576 1559 1679 1618 044441
1695 1577 1776 1618 nones
1787 1562 2017 1635 Arniensem)

562 1651 729 1709 Hincmarus
747 1650 891 1709 Remensis
909 1653 985 1723 (opp.
1000 1652 1023 1716 1,
1033 1650 1093 1706 888.
1111 1649 1182 1718 887).
1219 1649 1250 1703 14
1269 1647 1328 1703 11114
1345 1646 1457 1703 scilicet
1478 1652 1543 1718 post
1565 1652 1631 1705 acta
1649 1648 1762 1705 concilii
1781 1648 2018 1711 Calchedoneusis

563 1740 696 1811 leguntur
718 1738 934 1795 constitutiones
958 1740 1094 1806 quattuor
1116 1736 1168 1791 Th.
1188 1736 1290 1802 16,1,2
1313 1763 1348 1773 -
1372 1734 1473 1801 mna
1496 1767 1532 1777 -
1556 1735 1595 1801 18,
1605 1736 1656 1800 5,8
1679 1767 1712 1776 —
1737 1738 1777 1803 ld,
1786 1739 1811 1804 5,
1820 1739 1863 1794 82.
1903 1739 2017 1813 Sylloge

565 1822 764 1889 Quosnellianu
782 1822 894 1879 videtur
911 1822 1068 1893 composita
1086 1838 1146 1878 esse
1163 1821 1225 1893 ipso
1242 1819 1491 1876 4444144444
1509 1818 1654 1876 14841114.
1685 1820 1812 1879 Contulit
1829 1824 1866 1880 ud
1884 1826 2018 1883 constitu·

567 1908 659 1967 tiones
676 1926 724 1964 ess
742 1908 829 1964 libros
846 1906 988 1963 Parisinus
1005 1906 1111 1963 3848A
1130 1910 1160 1963 et
1179 1908 1246 1963 1455
1264 1923 1282 1962 4
1299 1923 1345 1962 ms
1362 1909 1478 1977 rogatus
1496 1905 1603 1962 amicus
1622 1905 1730 1963 (lirard.

372 2012 466 2065 04447.
481 2010 556 2079 11144
658 2012 704 2068 xl.
733 2010 1632 2083 04441111Η144414441414411114819(Μ4441441.104.557)
1655 2029 1744 2069 canon
1761 2015 1792 2080 8,
1814 2033 1897 2085 quern
1918 2018 2020 2075 attulit

411 2085 499 2133 9719
567 2098 692 2171 flavigny
715 2097 822 2168 ((1441.
839 2098 887 2153 des
909 2102 974 2153 soen.
993 2097 1092 2154 Rsclvts
1113 2099 1149 2155 8ι
1166 2116 1194 2170 p.
1207 2094 1282 2166 978),
1310 2097 1353 2154 114
1376 2102 1544 2169 conceptus:
1570 2097 1701 2154 discussio
1723 2101 1828 2170 opilata
1849 2108 1888 2159 est
1909 2110 2021 2175 propter

563 2186 718 2255 peractione
730 2186 855 2242 14411444
868 2225 875 2242 .
888 2226 895 2243 .
908 2225 914 2240 .
927 2225 934 2240 .
947 2186 1015 2255 quia
1030 2186 1103 2240 inter
1113 2190 1245 2255 atrosque
1256 2190 1349 2254 partes
1366 2186 1499 2241 hactenns
1516 2186 1607 2241 limitis
1626 2186 1697 2241 antio
1712 2186 1850 2245 uindicata
1862 2189 1927 2259 (4.1.
1939 2192 2020 2247 oensi-

566 2272 788 2341 lutulentorum
799 2272 919 2341 4444414
936 2276 1037 2327 masta
1054 2272 1168 2326 44144114
1185 2272 1292 2326 asidam
1309 2271 1380 2327 iuris
1393 2270 1595 2341 praeiudicium
1612 2273 1720 2339 afforet
1733 2315 1739 2328 .
1753 2316 1759 2329 .
1773 2314 1780 2327 .
1793 2313 1799 2327 .
1810 2276 1925 2343 prolata
1941 2293 2021 2333 casm-

567 2358 648 2412 41144
671 2356 817 2427 synodalia
840 2357 946 2413 444414
967 2358 1083 2425 persora
1105 2362 1172 2411 orm
1274 2357 1380 2426 placuit
1403 2360 1474 2411 inter
1496 2358 1617 2412 adornas
1639 2363 1732 2425 partes
1756 2359 1929 2428 inspectionis
1952 2364 2021 2419 siros

567 2441 721 2510 mittendos,
743 2443 785 2496 ita
808 2442 896 2497 alsat
917 2440 1078 2496 iadioecssi
1096 2441 1269 2510 possidentis,
1290 2442 1425 2496 41144444
1443 2442 1579 2497 1441114444
1599 2442 1825 2512 summaeripae
1847 2445 1919 2502 linars
1938 2464 2021 2517 pras·

567 2528 641 2597 fissas
662 2526 849 2582 monstraverit
865 2526 1000 2594 44144144,
1022 2528 1101 2582 meins
1124 2532 1162 2582 est
1183 2528 1256 2582 insta
1276 2528 1399 2596 44144114,
1421 2527 1733 2584 4444444144414144.
1769 2528 1933 2599 04414141
1949 2534 2022 2590 11444

567 2614 701 2686 1441114444
718 2614 828 2670 academ
845 2613 1027 2669 1414471444
1044 2631 1102 2669 non
1119 2613 1259 2669 anaiades
1275 2620 1299 2670 et
1323 2620 1415 2670 lamen
1432 2615 1507 2687 lonpi
1529 2615 1654 2685 temporis
1673 2614 1806 2684 probatam
1822 2617 1922 2673 obisao
1940 2636 2021 2690 prae

568 2702 688 2774 scriptio,
706 2701 856 2774 appellatio
872 2701 1012 2772 repetentis
1027 2703 1143 2772 episcopi
1158 2718 1216 2757 noa
1231 2702 1333 2772 1414511,
1351 2702 1418 2772 pain
1435 2703 1478 2758 illi
1493 2702 1649 2758 triosrsnaiis
1665 2702 1773 2759 41144114
1787 2703 1921 2763 nicetiana
1936 2709 2021 2779 ponit,

568 2791 617 2848 hoo
640 2790 712 2847 saion
737 2795 762 2847 sl
786 2790 965 2846 menolariam
987 2790 1148 2862 principans
1172 2788 1263 2845 edicta
1283 2790 1457 2860 4444441441
1480 2795 1503 2846 41
1523 2790 1680 2862 procidam
1703 2790 1888 2849 Romanorum
1912 2794 2023 2854 docrevit

568 2878 731 2949 armoricos,
756 2897 822 2936 nnm
842 2878 938 2937 veniat
960 2895 994 2937 ox
1012 2877 1220 2946 Theodosium.
1244 2876 1379 2952 ambigna
1397 2877 1524 2949 quaestio
1544 2882 1594 2935 est
1631 2877 1704 2935 Nam
1721 2880 1904 2941 4444141144
1921 2884 2023 2958 princi-

564 2986 634 3040 pum
651 2966 735 3023 edicta
753 2985 818 3023 cnm
837 2965 985 3024 videantur
1001 2965 1141 3039 respicere
1158 2966 1195 3022 ad
1214 2966 1305 3038 legem
1323 2965 1390 3023 1441
1403 2964 1507 3033 4144
1524 2983 1575 3023 nec
1594 2965 1678 3023 facile
1696 2968 1869 3041 adaptentur
1886 2973 2022 3032 constitu·

569 3054 655 3114 tionis
671 3054 731 3112 eius
747 3054 853 3111 formae
865 3054 1077 3111 'theodosianae
1091 3055 1126 3123 (9,
1134 3055 1177 3120 96,
1185 3056 1221 3123 5),
1234 3071 1307 3123 4444
1321 3054 1495 3125 praecedunt
1508 3054 1594 3111 verba
1604 3055 1734 3111 moeno
1744 3056 1914 3126 44441144
1931 3061 2023 3132 petita

569 3146 635 3201 sunt
652 3159 687 3199 sx
705 3142 797 3199 altera
815 3141 986 3209 ’1141214
1003 3158 1093 3214 44444
1112 3141 1142 3197 14
1160 3140 1335 3199 Breviorium
1352 3146 1468 3212 recepta
1486 3158 1575 3213 neque
1598 3140 1627 3197 in
1645 3141 1733 3200 hacce
1750 3148 1832 3216 parte
1849 3143 1880 3202 in
1899 3145 2023 3207 codicem

570 3229 766 3296 lastinianum,
784 3228 867 3286 nobis
884 3232 998 3287 servata
1016 3228 1189 3285 solummodo
1206 3228 1237 3284 in
1254 3246 1370 3301 corpore
1388 3229 1613 3302 gromaticorum.
1648 3228 1798 3295 Quaeritur
1816 3231 1911 3305 igitur,
1930 3237 2022 3293 utrum

568 3318 682 3376 saeculo
707 3317 828 3389 septimo
854 3316 1010 3388 incipiente
1034 3316 1155 3388 Hispani
1179 3316 1405 3373 Theodosiannm
1430 3317 1545 3390 plenum
1570 3316 1732 3388 usurparint
1756 3334 1805 3386 an,
1832 3320 1907 3390 quod
1933 3321 2025 3395 magis

572 3403 750 3470 crediderim,
768 3404 839 3460 haec
858 3402 973 3461 veniunt
992 3420 1025 3459 ex
1044 3402 1165 3459 decretis
1183 3402 1366 3472 synodalibus
1384 3406 1414 3460 et
1431 3403 1596 3476 pontificum
1614 3402 1800 3461 Romanorum
1819 3404 2025 3478 antiquioribus

572 3493 601 3548 in
620 3508 727 3548 canons
745 3489 877 3547 laudatis.

349 3599 411 3653 dod.
425 3599 559 3670 Phidippo.
660 3596 723 3652 XII.
749 3594 842 3652 Codex
861 3593 1048 3652 Berolinensis
1067 3592 1293 3667 Phillippsianus
1310 3612 1337 3653 n.
1352 3596 1418 3651 1745
1436 3596 1473 3663 (n.
1485 3595 1520 3652 83
1539 3593 1622 3665 11444)
1640 3595 1854 3666 saecvlllVIlI
1871 3597 2026 3673 41144144-

423 3675 485 3725 ¹7⁴¹
571 3684 710 3752 dunensis,
729 3683 778 3755 qui
796 3685 870 3752 (cum
883 3683 1049 3756 apographo
1063 3681 1149 3739 Paris.
1164 3682 1242 3750 1452)
1261 3682 1337 3739 solus
1355 3684 1482 3757 syllogen
1494 3681 1718 3741 sirmondianam
1736 3683 1876 3758 integram
1893 3687 2027 3756 servavit.

572 3777 636 3844 post
658 3789 721 3829 eam
743 3772 794 3826 snb
815 3770 912 3828 titulo:
937 3771 979 3825 144
999 3770 1032 3826 ds
1053 3770 1235 3826 ibsodosiano
1257 3770 1306 3826 son
1327 3771 1405 3826 111414
1425 3771 1550 3826 XXVII
1565 3770 1598 3825 de
1620 3772 1762 3841 episcopali
1782 3772 1933 3840 deffinitione
1956 3774 2026 3832 duas

572 3856 787 3912 constitutiones
805 3856 928 3922 exhibet,
947 3872 1020 3925 quae
1039 3855 1096 3910 iam
1115 3855 1236 3912 insertae
1255 3858 1321 3910 sunt
1340 3855 1437 3910 librol
1455 3856 1507 3909 sub
1526 3872 1559 3911 eo
1578 3855 1671 3911 titulo.
1702 3856 1824 3912 Priorem
1842 3858 1956 3916 aliunde
1971 3878 2026 3916 nou

572 3941 720 4007 habemns,
743 3942 846 4008 altera,
870 3940 950 3996 cuius
972 3946 1099 3997 extrema
1118 3941 1203 3996 verba
1221 3940 1251 3994 in
1270 3939 1367 3996 codice
1385 3940 1486 3995 desunt
1506 3939 1553 3995 hic
1576 3939 1689 3996 finiente
1708 3941 1821 4008 mutilo,
1844 3945 1975 4015 expletur
1993 3963 2026 4001 ex

572 4027 668 4084 codice
687 4027 842 4084 lustininno
862 4028 884 4093 1,
893 4027 919 4093 4,
928 4026 952 4082 8.

376 4125 426 4195 llp.
434 4145 524 4197 papas
661 4121 737 4177 Xlll.
764 4121 907 4194 Epistula,
930 4139 1015 4191 quam
1039 4138 1117 4193 papa
1134 4120 1272 4176 Iohannes
1284 4118 1352 4175 Vlll
1371 4119 1540 4188 (871-882)
1558 4119 1637 4176 dedit
1659 4120 1696 4175 ad
1717 4137 1811 4193 regem
1829 4121 2027 4183 Germanorum

338 4197 465 4253 1⁰1¹⁰²⁰¹5⁸
478 4199 551 4251 Vll!
576 4208 748 4266 ludovicum
767 4209 793 4266 ll
812 4209 988 4279 (ese-sm).
1007 4208 1085 4266 edita
1103 4226 1137 4266 ex
1155 4225 1270 4279 corpore
1288 4207 1440 4263 cardinalis
1458 4207 1532 4263 Dens
1550 4207 1628 4263 dedit
1645 4206 1754 4274 lV,103
1772 4209 1859 4281 (apud
1876 4210 2027 4270 Martinus·

575 4295 649 4352 cium
673 4315 700 4368 p.
717 4297 780 4366 417)
804 4299 834 4353 41
855 4296 948 4354 minus
969 4297 1052 4369 plene
1078 4294 1223 4363 (deficiunt
1244 4312 1318 4366 quae
1341 4296 1371 4368 [l
1394 4293 1667 4367 comprehendimus)
1687 4313 1719 4352 44
1743 4295 1838 4352 codice
1862 4297 2028 4359 ’1444144441

573 4382 604 4438 Fa
614 4382 648 4439 V.
659 4384 694 4438 44
706 4383 783 4455 apud
796 4383 1041 4457 Pduplsdlartung
1058 4388 1125 4440 acta
1143 4382 1244 4454 pontii.
1257 4382 1336 4438 Rom.
1347 4384 1364 4439 2
1376 4383 1467 4452 (1884)
1480 4401 1507 4453 p.
1517 4382 1551 4436 84
1570 4380 1712 4449 (notitiam
1730 4382 1790 4440 eius
1807 4384 1895 4443 debeo
1907 4386 2028 4446 Conrato

575 4468 686 4539 (1441144
704 4470 716 4524 l
738 4487 765 4540 p.
780 4471 823 4539 19)
842 4470 912 4526 haec
930 4472 981 4526 441

576 4574 599 4628 1.
616 4573 765 4629 ‘lohannes
783 4573 932 4646 spiscopus
950 4574 1106 4630 illudovico
1124 4572 1296 4645 imperatori.
1328 4574 1405 4629 inter
1423 4575 1527 4627 cetera.
1563 4571 1716 4642 [Siquidem

729 4658 882 4714 ‘Ciceronis
900 4659 995 4729 (11144.
1007 4669 1029 4728 1,
1038 4669 1060 4728 1,
1067 4661 1098 4730 9]
1118 4663 1162 4716 est
1180 4659 1232 4715 illa
1249 4658 1347 4714 multis
1365 4656 1564 4729 experimentis
1583 4656 1640 4712 iam
1658 4675 1718 4728 pro·

728 4745 809 4802 ‘bata
826 4745 976 4812 sententia,
995 4746 1064 4817 quia
1081 4745 1156 4801 sicut
1173 4744 1341 4818 posteriores
1360 4743 1503 4817 principes
1521 4761 1579 4799 rem
1599 4743 1718 4801 familia-

730 4832 798 4890 ‘rem
815 4832 875 4890 sive
893 4832 1075 4890 domesticam
1094 4832 1194 4890 melius
1213 4831 1316 4890 rexisse
1335 4832 1471 4904 probatur
1489 4835 1519 4887 et
1536 4829 1655 4900 lautius,
1678 4832 1719 4890 sic

730 4921 870 4980 ‘ninnirnm
892 4921 1067 4996 antiquiores
1085 4921 1203 4981 Ronmni
1227 4921 1375 4996 pontifices
1398 4919 1561 4979 melioribus
1582 4920 1718 4995 guberna·

730 5013 842 5071 ‘verunt
859 5017 889 5070 et
907 5011 1047 5069 institutis
1066 5015 1095 5067 et
1113 5010 1231 5084 legibus.

576 5116 701 5173 1.*11144
719 5118 864 5188 quodest]
887 5119 1006 5189 antiqua
1029 5118 1201 5174 connsuetudo
1224 5117 1336 5189 legibus
1357 5116 1495 5173 adiuvate
1516 5135 1625 5188 seraper
1643 5116 1714 5173 obti·
2017 5155 2022 5166 ·

731 5202 816 5266 huit,
836 5207 868 5259 ut
886 5203 1071 5275 magistratus
1089 5205 1176 5258 honor
1195 5204 1270 5259 ultra
1288 5204 1390 5258 crinale
1408 5202 1533 5272 spatium
1551 5203 1623 5257 nulli
1642 5203 1718 5273 peni·
1789 5204 1861 5257 Zeno
1879 5204 1945 5258 eod.
1962 5206 2029 5259 lust

732 5290 789 5341 ‘tus
801 5287 953 5358 largiretur
964 5287 1116 5359 (largiatur
1130 5288 1246 5358 Ptinpls),
1265 5305 1321 5356 quo
1340 5287 1480 5356 completo
1500 5287 1600 5358 legalis
1619 5286 1718 5356 (legali
1790 5289 1890 5351 1,49,1.
1905 5288 2030 5343 14114444

734 5370 841 5442 ‘Martl
858 5390 1001 5429 successor
1018 5372 1181 5428 admittitur
1199 5377 1229 5428 et
1250 5371 1329 5443 prior
1346 5370 1428 5427 index
1452 5369 1720 5439 (411411441111441)
1793 5372 2029 5438 15,·1=nov.8‚u;

733 5455 953 5530 ‘quinquaginta
971 5456 1071 5513 diebus
1094 5456 1170 5513 intra
1188 5457 1362 5529 provinciam
1381 5456 1514 5514 remorari
1532 5454 1719 5523 (rememorari
1791 5455 2028 5524 88‚l=nov.9t,l
