5250 6350
1088 1551 1238 1619 GAPV'I'
1262 1550 1478 1628 Qvlnuvu.

934 1733 1330 1815 ADDlTAMhNTA
1361 1707 1630 1815 sauviana

778 1888 992 1972 sununs
1023 1889 1096 1972 ux
1127 1888 1511 1972 rnnonosunvo
1543 1887 1790 1970 insuaue.

644 2086 774 2145 Alaricus
792 2106 839 2144 rex
858 2087 1028 2146 breviarium
1040 2086 1171 2145 emitteua
1184 2086 1325 2145 iudicibus
1342 2088 1422 2163 regui
1434 2087 1646 2161 Visigothorum
1659 2086 1849 2161 praescripsit,
1868 2106 1903 2146 ne
1921 2087 2009 2144 ullam

557 2172 650 2247 legem
668 2174 772 2233 inrisae
790 2173 938 2232 romulam
957 2175 986 2231 in
1003 2174 1073 2231 loris
1089 2174 1148 2231 suis
1165 2175 1290 2233 sinerent
1306 2175 1426 2249 allegari
1444 2176 1474 2232 iu
1492 2194 1593 2248 corpus
1610 2176 1682 2232 illud
1700 2195 1755 2233 uon
1773 2176 1901 2234 relatam.
1937 2174 2010 2233 linia

557 2259 632 2317 iusso
644 2262 720 2332 quod
737 2261 801 2333 ipsa
818 2261 1018 2334 interpretatio
1035 2264 1195 2337 refragatur
1206 2262 1353 2322 remittens
1368 2263 1413 2319 bis
1428 2264 1585 2332 (n,1s,a-
1601 2264 1627 2330 3,
1639 2265 1678 2331 16,
1688 2265 1716 2334 2)
1730 2264 1767 2320 ed
1779 2263 1861 2321 Pauli
1877 2281 2011 2335 responsa

557 2346 588 2401 iu
606 2347 775 2405 breviarium
795 2366 850 2405 non
868 2352 991 2420 receptu,
1010 2368 1095 2421 supra
1113 2368 1141 2421 p.
1155 2350 1259 2405 XXXV
1271 2350 1434 2407 rettulimus
1451 2351 1489 2407 ad
1501 2348 1693 2407 condicionem
1703 2349 1843 2407 Breviarii
1861 2351 1898 2406 ab
1916 2353 2010 2406 anctu-

557 2432 636 2489 ribus
657 2451 713 2490 non
736 2434 897 2491 absolutam
919 2439 949 2491 st
966 2435 1196 2507 intempestivam
1218 2436 1279 2492 eins
1296 2436 1528 2507 publicationem
1565 2436 1632 2492 Post
1649 2436 1793 2492 Alaricum
1816 2436 1887 2493 haec
1908 2436 1954 2493 lex
1978 2438 2011 2492 ut

559 2519 690 2590 putanda
707 2523 751 2577 ast
768 2519 924 2577 obtinuisse
942 2520 971 2576 in
990 2520 1129 2592 Hispania
1146 2526 1176 2578 et
1193 2522 1222 2577 in
1240 2521 1424 2593 Septimania,
1443 2521 1485 2579 ita
1503 2521 1532 2578 iu
1550 2522 1661 2592 reliqua
1672 2521 1768 2578 Gallia
1785 2539 1841 2578 non
1859 2526 1918 2578 mm
1937 2520 2011 2578 vide·

559 2609 605 2663 tur
623 2605 777 2664 exolevisse
795 2624 881 2677 quarn
903 2626 1056 2679 numquam
1077 2612 1193 2681 recepta
1216 2626 1287 2676 csse,
1312 2609 1445 2680 quoniam
1464 2608 1575 2666 Galliae
1587 2606 1794 2681 wisigothicae
1816 2609 1900 2679 longe
1921 2606 2011 2664 maior

559 2710 625 2765 pars
648 2691 746 2765 paucis
768 2692 848 2750 aunis
873 2698 938 2766 post
959 2694 1129 2752 breviarium
1148 2696 1327 2767 publicatum
1345 2696 1514 2753 Francorum
1532 2694 1646 2768 regibus
1668 2694 1766 2761 cessit,
1791 2694 1828 2751 ad
1846 2693 2010 2751 Francicam

558 2784 655 2838 autern
672 2780 796 2838 Galliam
814 2780 978 2839 interdictio
998 2783 1049 2840 illa
1068 2783 1231 2841 Alariciana
1248 2802 1302 2841 aron
1322 2784 1467 2856 pertinuit.
1498 2781 1618 2840 Omnino
1636 2782 1780 2841 Breviario
1800 2781 1876 2839 Galli
1894 2783 2011 2840 uteban-

559 2872 606 2925 tur
629 2886 684 2924 nou
707 2874 823 2942 propter
845 2869 950 2925 iussum
973 2870 1079 2927 Alarici
1088 2873 1120 2941 ¹),
1143 2872 1192 2928 scd
1215 2891 1266 2943 pro
1291 2873 1354 2945 lege
1379 2872 1516 2938 Romana,
1541 2871 1709 2928 adhibentes
1733 2889 1789 2928 unu
1811 2889 1875 2926 curu
1897 2889 2012 2943 corpora

559 2973 593 3011 eo
615 2954 752 3025 quidquid
775 2974 809 3011 ex
833 2956 892 3013 iure
914 2955 1040 3013 Romano
1058 2962 1206 3028 practerea
1228 2959 1264 3014 ad
1281 2977 1382 3015 manus
1403 2959 1469 3025 fuit,
1492 2958 1604 3016 scilicet
1621 2976 1655 3015 ea
1672 2976 1745 3027 quae
1764 2976 1826 3014 oum
1845 2975 1878 3015 eo
1896 2976 2012 3029 corpore

561 3038 670 3096 tradita
692 3040 827 3097 babemus
846 3040 961 3112 Ulpiani
984 3043 1097 3113 regulas
1119 3047 1148 3100 et
1170 3044 1262 3115 legens
1284 3044 1514 3116 Burgundionum
1537 3046 1703 3109 ltonranam,
1727 3043 1847 3100 maxime
1870 3046 1966 3099 antem
1988 3044 2012 3098 si

560 3141 630 3195 quos
653 3124 740 3182 libros
763 3126 791 3183 in
811 3145 926 3199 corpore
949 3126 999 3183 illo
1017 3126 1160 3185 breviatos
1182 3127 1261 3185 nacti
1279 3131 1344 3185 suut
1362 3128 1500 3201 integros,
1525 3128 1607 3184 Pauli
1629 3128 1796 3195 senitentiam
1820 3128 1931 3186 codices
1949 3129 2013 3187 (ire-

560 3210 709 3281 gorianum
735 3217 765 3269 et
791 3213 1045 3287 Hermogenianum
1069 3216 1099 3270 et
1128 3213 1367 3280 Theodosiannm,
1395 3214 1522 3269 novellas
1549 3219 1615 3284 post
1638 3213 1863 3271 'l'hecdosianmn
1889 3215 2012 3272 emissas

561 3296 662 3367 Itaque
680 3298 805 3356 cuiusvis
828 3300 927 3357 horum
945 3299 1078 3355 librorum
1097 3299 1200 3356 editori
1217 3300 1322 3372 duplex
1346 3299 1476 3370 quatentio
1494 3299 1668 3357 instituenda
1685 3304 1740 3367 cst,
1763 3302 1854 3358 altera
1872 3301 1906 3358 dc
1924 3303 2014 3358 forma

562 3403 657 3442 eorum
670 3385 869 3460 Wisigothica,
889 3388 980 3445 altera
998 3386 1033 3444 dc
1051 3385 1253 3444 additamentis
1266 3386 1379 3444 dinanuo
1397 3386 1607 3460 posterioribus,
1626 3386 1776 3459 potuitque
1794 3406 1889 3445 corum
1908 3391 2013 3463 tempo-

561 3490 621 3527 rnnr
647 3472 756 3544 peritus
778 3474 826 3544 qui
850 3473 969 3531 novellis
991 3473 1083 3545 plenis
1105 3474 1241 3531 utebatur
1261 3473 1372 3545 reliqua
1397 3493 1483 3546 opera
1508 3475 1612 3531 habcrc
1635 3474 1765 3532 breviata
1788 3477 2014 3547 tantummodo.¹)

563 3558 622 3614 lusu
641 3556 730 3632 igitur
747 3577 798 3616 nos
815 3560 990 3633 procedimus
1013 3560 1251 3628 adnuntiationes,
1274 3579 1345 3631 quas
1366 3560 1455 3617 subiit
1472 3560 1683 3618 'l'heodusiauus
1701 3562 1737 3618 ab
1756 3561 1868 3618 Alarico
1890 3561 1920 3618 iu
1942 3581 2014 3620 corn·

562 3644 696 3715 pvcrrdium
714 3646 853 3703 redactus.

649 3782 831 3839 imminutum
849 3803 909 3841 esse
928 3786 1123 3856 compendium
1142 3786 1335 3843 Alaricianum
1358 3805 1408 3857 per
1426 3790 1554 3857 tempora
1571 3783 1727 3856 posteriora
1745 3784 1774 3838 ia
1792 3783 1952 3842 uuiversum
1969 3806 2014 3842 nc·

562 3867 686 3940 gaudum
709 3874 764 3937 est,
790 3874 822 3927 ut
844 3871 990 3928 mittamus
1013 3871 1147 3929 hocloco
1169 3871 1342 3944 exemplaria
1364 3873 1513 3929 decurtata
1537 3871 1661 3941 itemque
1684 3869 1835 3941 epitomas,
1860 3870 2015 3941 dequibus

563 3959 663 4026 postea
680 3955 797 4015 dicmur.
828 3958 1027 4031 Exceptionem
1048 3960 1119 4017 l'acit
1137 3980 1193 4017 uua
1205 3959 1372 4018 constitutio
1385 3961 1471 4027 l,4‚i
1488 3959 1517 4014 iu
1536 3958 1616 4014 libris
1634 3958 1718 4029 louge
1737 3957 1886 4029 plerisque,
1905 3957 2015 4015 scilicet

564 4041 594 4097 iu
613 4043 711 4100 classis
728 4051 840 4103 ncshae
859 4046 959 4119 prioris
972 4046 1026 4104 No
1043 4053 1073 4107 et
1091 4047 1120 4105 iu
1138 4047 1266 4105 ominibus
1286 4047 1456 4121 posterioris,
1475 4046 1572 4103 finiens
1590 4045 1618 4101 in
1639 4043 1731 4101 verbis
1749 4046 1823 4101 sacra
1841 4062 1898 4101 raca
1914 4061 2014 4117 capere,

563 4134 714 4204 propterca
726 4133 800 4205 quod
817 4133 1015 4208 interpretatio
1033 4136 1127 4193 addit:
1146 4143 1266 4194 πίνακα
1280 4154 1350 4207 pars
1368 4138 1431 4207 lepis
1448 4136 1505 4192 idco
1521 4152 1577 4190 nou
1593 4134 1703 4189 tanta
1720 4134 1823 4203 sarapta
1839 4135 1880 4189 acl
1896 4135 2017 4204 aposita

563 4218 616 4287 (sic
629 4221 729 4291 HNB,
755 4223 853 4293 sesima
869 4226 908 4280 od
924 4243 977 4281 orn.
996 4225 1122 4296 reliqui),
1147 4227 1212 4296 quia
1229 4227 1330 4281 nocella
1350 4227 1403 4296 legs
1420 4226 1552 4293 calcatum
1576 4227 1757 4280 servavcmut
1775 4221 1865 4278 recisa
1881 4239 1916 4279 ex
1934 4221 2016 4277 libris

565 4307 648 4364 hodic
667 4309 742 4365 notis
759 4309 812 4366 soli
827 4311 922 4368 ΗΒΕ.

650 4462 914 4521 Additamentorurn
932 4468 968 4521 nd
979 4466 1206 4522 'l'heodosiaunm
1225 4467 1280 4521 dno
1297 4484 1401 4537 garrera
1418 4471 1491 4531 suut,
1510 4466 1569 4521 alia
1587 4467 1623 4521 ad
1642 4468 1723 4521 finam
1741 4463 1875 4520 breviarii
1893 4481 2017 4518 seorsum

564 4545 721 4617 adscripta.
744 4548 803 4605 alia
823 4549 878 4620 ipsi
900 4551 1040 4608 breviario
1063 4551 1175 4608 inserta
1213 4552 1369 4621 Utrumque
1391 4571 1480 4623 geraus
1501 4569 1671 4620 quamquam
1689 4550 1776 4605 etiam
1795 4549 1832 4604 ad
1852 4548 2016 4605 decurtatos

566 4629 675 4686 codices
697 4633 832 4700 quosdam
854 4637 884 4690 et
907 4635 1017 4704 aliquus
1035 4635 1175 4706 epitomas
1198 4635 1341 4706 pervenit,
1367 4643 1433 4692 aute
1456 4654 1550 4692 eorum
1572 4653 1716 4690 recensum
1740 4633 1850 4703 placuit
1871 4652 2018 4704 exponere.

565 4715 609 4770 ad
633 4716 760 4772 codicum
785 4721 947 4789 parentelas
971 4722 1199 4778 determinandas
1223 4725 1353 4780 neutrum
1377 4741 1465 4794 genus
1491 4722 1611 4777 multum
1636 4723 1744 4776 couicrt
1769 4724 1920 4790 propterca
1944 4719 2018 4787 quod

565 4802 769 4860 contaminatio
786 4806 988 4877 exemplarium
1006 4808 1035 4863 iu
1054 4808 1193 4865 breviario
1211 4812 1241 4866 et
1259 4812 1368 4865 uraturc
1388 4809 1483 4879 coepit
1502 4814 1532 4865 ct
1551 4808 1610 4863 latu
1629 4807 1732 4878 lratnit.

653 5037 674 5104 Ι)
693 5039 778 5090 Nihilo
796 5039 882 5091 minua
898 5039 1020 5092 credibile
1037 5049 1077 5092 est
1093 5039 1214 5107 temporis
1232 5039 1379 5107 posterioria
1400 5039 1494 5106 peritos
1517 5054 1606 5105 parurn
1624 5036 1747 5088 sollicitas
1769 5035 1801 5087 de
1820 5035 1893 5101 regni
1920 5033 2018 5086 Alarici

565 5106 661 5159 finibus
677 5109 856 5162 anctoritatem
873 5110 930 5162 eiua
947 5110 981 5162 ad
998 5109 1099 5162 Gallica
1116 5111 1254 5162 tribunalis
1271 5109 1358 5161 omnia
1375 5108 1516 5171 rettulisse3
1539 5124 1591 5174 quo
1612 5107 1685 5158 ducit
1706 5121 1765 5157 aum
1789 5105 1933 5156 auctoritas
1963 5105 2019 5156 eius

565 5189 668 5246 recepta
679 5179 706 5229 iu
718 5179 875 5245 exemplaria
887 5180 1015 5248 permulta
1027 5180 1104 5232 ctiam
1114 5178 1246 5232 decurtata
1257 5188 1284 5231 st
1295 5180 1434 5246 epitomata
1442 5173 1477 5245 (p.
1485 5175 1597 5243 xxxii)
1606 5187 1660 5228 turn
1669 5193 1736 5243 quas
1748 5171 2016 5242 supra(p.XXXV11)

566 5248 759 5302 observavimus
776 5250 808 5301 ds
824 5249 979 5302 anctoritate
996 5267 1027 5302 sa
1044 5249 1137 5302 iterata
1154 5267 1170 5301 a
1187 5249 1282 5302 liarolo
1300 5266 1404 5316 magno.

656 5336 677 5406 ²)
697 5336 814 5390 Notabile
832 5339 957 5406 estquod
978 5337 1004 5389 in
1023 5338 1108 5405 capite
1125 5346 1197 5389 sexto
1215 5338 1374 5390 ostendimus
1392 5334 1595 5388 Consultatiouia
1613 5343 1745 5386 auctorem
1763 5332 1914 5385 adhibuisse
1936 5332 2018 5384 'l'beo-

569 5409 668 5463 doaiani
688 5409 873 5462 breviationem
890 5408 1066 5462 Alariciauam
1084 5423 1138 5459 naa
1155 5425 1216 5459 cum
1233 5409 1394 5476 (tragoriauo
1412 5415 1437 5460 st
1456 5405 1662 5474 Hermogeniana
1680 5404 1795 5470 integris.
