5250 6350
1182 631 1214 643 -
1252 600 1445 660 coesn-

416 787 515 842 ΜΝ·
675 757 715 813 iix
737 754 896 816 litterarum
923 758 1055 832 operibus
1078 758 1232 832 Hispaniae
1258 761 1396 820 Conratns
1413 763 1449 835 11,
1465 764 1499 818 el
1522 768 1552 822 et
1576 764 1636 837 151]
1661 763 1749 823 etiam
1776 763 1848 823 illud
1875 785 1909 824 ex
1936 765 2038 824 Isidori

378 865 561 935 φώρια,
588 847 775 919 Etymolcgiis
793 848 829 905 ad
846 848 1018 904 Breviarium
1036 854 1167 920 spectare
1184 850 1326 921 opinatur.
1356 852 1446 909 Nemo
1463 851 1619 918 dubitabit,
1637 854 1705 924 quin
1723 854 1837 921 isidoro,
1856 854 1905 926 qui
1923 854 2038 911 natione

589 941 732 994 Romanus
749 952 836 1005 nsque
855 935 892 990 ad
904 952 1007 989 annum
1019 937 1070 991 636
1082 937 1175 992 sedem
1187 936 1379 1007 episcopalem
1390 937 1587 1009 Hispalensem
1600 940 1734 1009 obtinuit,
1752 940 1928 997 Breviarium
1940 944 2038 997 notum

589 1023 681 1079 fucrit
717 1021 772 1075 Sed
789 1023 823 1074 nt
840 1019 997 1089 nuperrime
1015 1020 1101 1075 ctiam
1120 1019 1234 1077 Ζοιιιιιιιι
1252 1020 1323 1090 [ΝΔ.
1337 1022 1439 1091 XXIII,
1452 1024 1506 1078 460
1514 1023 1565 1093 sq]
1584 1022 1729 1091 disseruit,
1748 1023 1869 1080 Isidorus
1886 1025 1917 1079 in
1934 1025 2035 1095 quinto

590 1106 829 1180 Etymolcgiarum
847 1104 921 1161 libro
938 1104 982 1160 ius
999 1123 1106 1162 merum
1123 1107 1311 1164 Romanorum
1330 1107 1507 1181 expositurus
1525 1107 1673 1166 historiam
1691 1109 1882 1183 legislationis
1895 1110 2040 1168 Romam

590 1214 653 1253 cum
670 1193 867 1251 'l'lrecdosicno
883 1192 976 1250 finivit
993 1193 1029 1250 ob
1048 1210 1166 1266 eamque
1183 1211 1241 1252 rem
1259 1198 1293 1253 ιιι
1310 1214 1406 1255 omncs
1424 1196 1560 1254 Novellas
1578 1195 1622 1256 ita
1639 1194 1727 1255 etiam
1744 1197 1921 1257 Breviarium
1933 1198 2041 1256 Alarici

591 1283 694 1343 omisit
730 1282 888 1340 Nonnullae
905 1281 1019 1353 quidem
1037 1282 1139 1340 formas
1156 1284 1245 1341 habet
1263 1281 1332 1341 iuris
1350 1283 1470 1343 Romani
1488 1286 1564 1358 apud
1578 1285 1742 1361 visigothos
1761 1287 1900 1362 vulgetis,
1918 1286 2039 1361 exempli

591 1374 686 1449 gratia
702 1371 760 1429 ‘ius
778 1370 939 1427 liberorum’
955 1371 999 1444 IV,
1012 1371 1055 1438 21,
1069 1372 1126 1442 13];
1151 1372 1200 1429 sed
1222 1372 1293 1430 haec
1312 1375 1399 1430 verba
1415 1373 1577 1448 ‘conjugum
1599 1375 1660 1434 sine
1678 1374 1775 1433 liberis
1794 1376 1915 1435 invicem
1933 1375 2041 1434 heredi-

592 1464 662 1522 tatis
685 1462 796 1518 alterna
820 1458 1012 1531 couscriptic’,
1036 1476 1207 1531 quamquam
1232 1459 1463 1533 interpretationi
1487 1461 1625 1520 Breviarii
1650 1463 1733 1536 [Non.
1748 1463 1810 1522 Val.
1824 1465 1872 1532 IV,
1886 1465 1911 1538 ll
1935 1463 2042 1522 similia

591 1554 665 1621 sunt,
685 1551 806 1609 isidorus
823 1547 868 1605 vel
887 1549 986 1633 auctor
1004 1546 1064 1605 eius
1082 1565 1137 1604 non
1155 1565 1188 1604 ex
1206 1548 1270 1622 legs
1288 1549 1416 1607 Romana
1433 1549 1660 1625 Visigcthomm,
1678 1553 1727 1609 sed
1746 1552 1842 1627 potius
1860 1571 1893 1612 ex
1912 1552 1973 1611 iure
1990 1552 2041 1609 illo

592 1636 839 1700 consuetudinario
856 1634 1008 1709 sumpsisse
1021 1634 1140 1705 videtur,
1157 1637 1241 1709 quod,
1260 1641 1293 1694 ιιι
1311 1637 1472 1695 huiusmodi
1486 1638 1596 1697 ‘mutua
1608 1640 1790 1698 testamenta'
1800 1640 1888 1700 etiam
1904 1641 2041 1698 formulae

593 1727 788 1801 Viaigothicsc
814 1730 844 1783 et
869 1724 1081 1781 ludecavenscs
1107 1723 1258 1794 praebent,
1285 1742 1320 1781 ex
1346 1725 1472 1783 fontibus
1496 1726 1630 1782 Romanis
1653 1727 1883 1798 demensisque
1909 1729 2042 1785 haustum

593 1813 755 1872 dmcrimina
776 1811 871 1883 legum
888 1808 1058 1880 scriptarum
1076 1808 1221 1879 utriusqus
1243 1810 1369 1866 nationis
1386 1828 1546 1882 exaequans
1571 1810 1640 1867 iuris
1661 1812 1885 1871 uniformitatem
1907 1817 2044 1886 posteaa

593 1902 706 1974 regibus
724 1898 884 1956 ordinatam
901 1893 1054 1952 antecessit
1071 1898 1102 1951 ct
1119 1895 1312 1967 praeparavit.

680 1999 887 2059 Reccesvindns
904 2016 929 2054 a
941 2000 993 2055 ets
1011 2014 1083 2055 novo
1102 1998 1198 2056 codice
1217 1999 1294 2055 edito
1319 2017 1375 2056 nou
1393 2002 1484 2057 solum
1502 2000 1610 2059 Gothos
1631 2002 1681 2058 sed
1699 2001 1788 2060 etiam
1805 2002 1947 2061 &manos
1962 2002 2044 2076 regni

594 2092 637 2149 sni
658 2091 712 2147 hac
736 2090 848 2145 tantum
868 2087 932 2158 lege
950 2084 1045 2143 vivere
1065 2085 1149 2143 iussit
1170 2086 1267 2158 itaque
1292 2087 1383 2144 codici
1401 2087 1564 2145 Alariciano
1588 2089 1659 2163 legis
1678 2089 1736 2146 vim
1754 2090 1879 2163 undique
1895 2089 2044 2160 aistulit.¹)

595 2179 713 2237 Constat
730 2175 818 2235 etiam
836 2172 984 2231 ecclesiam
1002 2172 1070 2229 huic
1088 2178 1242 2246 praecepto
1260 2175 1508 2249 obtemperavisse,
1526 2193 1582 2247 quc
1600 2176 1709 2234 factum
1727 2183 1784 2247 est,
1802 2183 1836 2238 nt
1853 2179 1899 2237 lex
1917 2178 2044 2236 Romana

596 2266 808 2341 visigothorum
824 2279 889 2319 mox
907 2260 937 2316 in
953 2260 1092 2332 Hispania
1110 2260 1140 2316 in
1157 2261 1329 2318 oblivionem
1347 2263 1463 2320 renuet

383 2380 483 2432 Mam·
500 2380 551 2444 φὶ.
681 2367 799 2441 Legitur
816 2365 930 2436 quidem
948 2365 976 2420 in
995 2364 1057 2420 vita
1075 2364 1179 2420 Iuliani
1197 2364 1325 2436 episcopi
1343 2366 1477 2423 'l'clctani
1495 2367 1522 2436 [t
1540 2367 1615 2438 6901,
1640 2386 1726 2439 quam
1752 2387 1823 2425 unns
1846 2387 1880 2426 ex
1898 2369 1959 2426 eius
1980 2387 2042 2425 suc·

363 2450 433 2515 *cepi
454 2446 570 2499 stim
595 2453 750 2511 censoribus
767 2450 878 2506 nomine
896 2449 976 2505 Felix
995 2448 1147 2505 confecisse
1165 2448 1277 2515 dicitur,
1299 2450 1463 2521 episcopum
1482 2451 1569 2506 stiam
1586 2452 1703 2507 ‘librum
1721 2453 1943 2525 responsionum'
1959 2454 2045 2524 scrip·

435 2516 500 2596 ¹¹⁶?
595 2540 663 2594 sisse
680 2537 725 2592 ‘in
737 2534 926 2593 defensionem
943 2550 1080 2588 canonum
1099 2535 1129 2587 st
1146 2533 1249 2604 legum,
1267 2533 1371 2602 quibus
1389 2534 1577 2604 prohibentur
1588 2535 1751 2593 Christiana
1767 2537 1911 2609 mancipia
1925 2537 2046 2594 dominis

365 2600 569 2650 'mmm'
595 2621 755 2679 infidelibus
781 2618 936 2677 deservire'.
979 2617 1117 2672 Conratus
1143 2616 1180 2687 [1.
1199 2618 1280 2688 26⁴⁸]
1307 2618 1485 2675 coniecturae
1510 2621 1606 2677 favere
1631 2620 1742 2678 videtur
1765 2621 1832 2679 illas
1858 2623 1947 2695 leges,
1975 2641 2046 2693 quas

596 2709 721 2766 Iulianus
739 2706 921 2771 defendisset,
946 2702 1020 2760 inter
1037 2700 1178 2759 Romanas
1196 2720 1256 2761 esse
1272 2704 1448 2776 'quaerendas
1467 2705 1529 2775 l‘l'lr.
1543 2724 1605 2781 gen.
1618 2706 1722 2776 xv1,e
1741 2708 1786 2766 vel
1803 2708 1849 2765 Br.
1860 2708 1913 2767 Th.
1923 2708 1998 2777 XVI,
2009 2711 2046 2781 41.

596 2794 731 2863 Quumvis
749 2792 819 2851 mihi
838 2794 948 2850 constet
967 2790 1108 2847 Iulianum
1126 2807 1159 2846 cx
1178 2789 1319 2863 prioribus
1336 2792 1442 2850 aetatis
1460 2811 1528 2851 suec
1546 2792 1627 2850 annis
1645 2793 1783 2853 Brevissii
1801 2794 1934 2855 notitiam
1953 2813 2046 2854 serva·

598 2886 683 2956 visse,
709 2888 803 2942 tamen
828 2879 858 2939 in
882 2879 932 2937 illo
952 2878 1024 2936 libro
1042 2878 1253 2953 responsionum
1275 2897 1339 2938 cum
1360 2880 1457 2956 potius
1480 2881 1603 2958 legibus,
1627 2901 1698 2957 quas
1721 2902 1802 2960 reges
1819 2882 1991 2960 Visigctbici
2013 2902 2046 2942 er

597 2973 772 3049 temporibus
798 2967 949 3029 Ilcccsredi
978 2970 1077 3026 contra
1098 2968 1216 3027 ludaeos
1242 2967 1403 3041 edidcnunt,
1430 2990 1510 3029 usum
1538 2990 1598 3030 csse
1624 2972 1718 3041 credo,
1745 2992 1863 3045 quarum
1890 2974 2047 3048 complures

598 3064 716 3121 Iudaeos
733 3059 886 3134 prohibent
903 3056 1065 3114 Christiana
1083 3056 1227 3128 mancipia
1245 3058 1350 3115 habere
1368 3060 1435 3129 [LV.
1454 3059 1727 3129 xl1,2,1a.1e.1s;
1744 3061 1807 3129 XII,
1819 3063 1844 3129 ιι,
1857 3063 1891 3119 12
1901 3062 1962 3134 aql.

435 3191 522 3245 pm
688 3168 786 3238 Neque
810 3182 829 3221 a
852 3161 1027 3235 temporibus
1051 3160 1264 3219 constitutionis
1288 3161 1367 3220 illius
1389 3162 1646 3222 Recessvindianae
1670 3163 1699 3221 in
1724 3165 1869 3224 codicibus
1890 3165 2047 3239 Hispaniae

389 3262 573 3331 Illeiprullemis
597 3257 691 3314 adhuc
708 3254 863 3326 quidquam
881 3248 997 3322 reperiri
1017 3249 1126 3322 potuit,
1151 3250 1226 3321 qnod
1248 3250 1285 3306 ed
1304 3249 1442 3308 Brevisrii
1464 3250 1597 3308 notitiam
1614 3251 1710 3309 referri
1734 3256 1830 3324 posset
1853 3256 1972 3325 excepto
1996 3253 2047 3310 illo

444 3342 492 3416 ,⁶⁸
534 3403 540 3416 ,
598 3342 703 3409 codice,
719 3340 769 3413 qui
787 3339 817 3396 in
835 3338 1013 3396 bibliothece
1030 3336 1194 3396 monasterii
1208 3337 1412 3411 llivipullensis
1428 3339 1542 3396 saeculo
1561 3340 1708 3398 undecimo
1726 3340 1812 3398 fuisse
1825 3340 1943 3398 videtur.
1973 3341 2048 3398 Nam

387 3402 560 3470 stem·
597 3437 631 3489 n
647 3429 779 3487 ιιιιιιιι
798 3427 867 3498 [ιιι.
886 3426 930 3496 ιι,
943 3425 1005 3496 ess]
1030 3443 1080 3481 nos
1104 3424 1213 3493 nocuis,
1238 3426 1387 3498 catalogus
1409 3425 1543 3482 ebrorum
1567 3425 1692 3483 elusum
1714 3426 1842 3483 ωιιοιιι
1864 3428 1977 3485 escun
2000 3447 2048 3484 un-

598 3519 706 3576 decimo
731 3517 906 3589 conscriptus
932 3512 1016 3570 hodie
1041 3530 1105 3569 vero
1131 3512 1189 3569 iam
1211 3512 1374 3584 deperditus
1401 3512 1475 3570 iuter
1497 3518 1605 3571 ceteros
1626 3513 1713 3570 libros
1737 3514 1773 3571 ad
1798 3513 1891 3571 varim
1914 3514 2049 3572 scientias

597 3608 761 3679 spectantes
778 3622 832 3660 non
850 3602 941 3660 solum
959 3599 1037 3657 illius
1055 3598 1160 3656 codicis
1177 3599 1302 3656 eiusdem
1320 3599 1435 3668 scoculi,
1454 3600 1503 3672 qui
1521 3600 1605 3658 bodie
1623 3597 1653 3656 iu
1671 3599 1798 3658 archivio
1817 3618 1935 3659 coronae
1952 3600 2048 3675 regiae

598 3692 757 3768 dragonism
778 3688 998 3748 Barchinonensi
1020 3688 1177 3760 seponitur,
1205 3686 1377 3745 mentionem
1401 3687 1484 3756 facit,
1507 3707 1563 3759 quo
1586 3691 1698 3761 praeter
1720 3689 1855 3746 nonnulla
1878 3686 2049 3760 capitularia

598 3781 693 3838 Caroli
710 3779 808 3850 Magni
827 3777 914 3834 etiam
933 3773 1063 3848 Ansegisi
1082 3773 1279 3831 collectionem
1297 3776 1460 3831 continente
1477 3775 1611 3831 Belusius
1629 3781 1660 3832 ct
1677 3774 1803 3832 Pertzius
1820 3779 1851 3832 et
1867 3774 1998 3831 Boretius
2019 3775 2050 3830 in

598 3864 771 3922 editionibus
790 3860 991 3931 capitularium
1008 3877 1105 3931 regum
1125 3859 1293 3914 l'rancorum
1314 3858 1358 3914 usi
1382 3862 1461 3924 sunt,
1484 3859 1534 3914 sed
1553 3858 1641 3914 etiam
1659 3859 1784 3915 codicem
1801 3859 1942 3930 quendam
1961 3859 2050 3930 ‘legis

599 3948 752 4005 Romanae’
770 3947 980 4013 commemorat,
1004 3961 1061 4014 quo
1081 3943 1193 3999 nomine
1211 3949 1279 4000 tunc
1301 3944 1331 3999 iu
1349 3944 1479 4016 partibus
1498 3943 1653 4016 Hispaniae
1672 3944 1719 4000 vix
1736 3945 1825 4001 elium
1843 3943 1946 4001 librum
1964 3961 2048 4014 quam

599 4035 775 4094 Brevisrium
793 4032 901 4090 Alarici
918 4030 1084 4105 intellegere
1105 4048 1259 4103 possumus.
1290 4031 1372 4088 Alter
1390 4031 1477 4089 codex
1495 4030 1695 4105 [Legionemis
1714 4032 1769 4088 hec
1787 4031 1911 4090 editione
1930 4029 1966 4102 II]
1984 4033 2050 4086 ante

600 4123 820 4182 Reccesvindum
842 4120 965 4194 scriptus
987 4119 1085 4194 paullo
1110 4123 1175 4192 post
1197 4119 1281 4175 huius
1303 4118 1378 4193 regis
1401 4119 1643 4189 constitutionem,
1669 4137 1755 4191 quam
1777 4138 1864 4193 supra
1887 4135 2051 4176 commemo·

601 4212 737 4283 ravimus,
762 4210 915 4284 rescriptas
941 4213 985 4269 est
1011 4207 1106 4267 etita
1128 4207 1166 4265 ad
1192 4225 1242 4264 nos
1266 4206 1397 4279 pervenit
1419 4208 1583 4281 [Mommsen
1610 4206 1639 4264 iu
1666 4207 1710 4264 his
1732 4206 1941 4282 Ptolegomenis
1966 4222 2052 4279 supra

600 4321 629 4375 p.
647 4300 741 4372 uxxl.

689 4407 734 4462 Ita
751 4403 820 4460 iuris
837 4401 957 4459 Romani
975 4401 1110 4459 librorum
1128 4400 1234 4457 notitia
1251 4401 1280 4456 in
1299 4399 1440 4473 Hispania
1457 4400 1581 4466 evanuit,
1601 4399 1690 4456 donec
1708 4398 1821 4457 saeculo
1839 4398 1947 4457 decimo
1966 4396 2052 4454 tertio

601 4492 694 4550 medic
716 4490 784 4547 libri
807 4489 877 4545 iuris
895 4486 1063 4546 Iustinianei
1087 4487 1193 4544 ibidem
1215 4491 1419 4558 pernotuerunt
1437 4486 1553 4558 [Censet
1571 4487 1591 4553 1,
1609 4487 1663 4556 831.
1698 4485 1764 4541 Non
1782 4485 1969 4541 omittendum
1987 4500 2052 4540 vero

602 4584 646 4637 cst
663 4577 842 4636 Usaticorum
860 4573 1093 4643 llarchinonise⁸l
1115 4574 1170 4630 duo
1193 4573 1292 4645 capita
1309 4574 1346 4631 ad
1364 4572 1539 4630 Breviarium
1557 4571 1664 4629 Alarici
1685 4576 1823 4643 spectare.
1857 4570 1929 4626 Sunt
1949 4587 1984 4626 ex
2002 4569 2054 4625 illa

603 4671 684 4739 parts
706 4665 896 4733 Usaticorum,
920 4678 994 4732 quae
1020 4678 1075 4717 non
1103 4660 1139 4717 ad
1164 4658 1285 4732 primam
1308 4658 1498 4716 redactionem
1526 4656 1663 4730 pertinet,
1687 4658 1738 4714 sed
1761 4675 1776 4714 s
1803 4657 1915 4731 legibus
1941 4654 2054 4713 comitis

602 4751 755 4811 llaimundi
773 4746 946 4823 Berengarii,
964 4746 1014 4819 qui
1031 4765 1105 4805 anno
1125 4748 1192 4803 1076
1210 4746 1295 4815 obiit,
1314 4752 1449 4820 excerpta
1465 4751 1517 4803 est
1552 4746 1630 4802 llaec
1648 4744 1756 4817 capita,
1774 4744 1798 4800 si
1817 4741 1929 4800 I'ickeri
1947 4742 2054 4814 opiuic

603 4859 667 4899 uem
684 4839 833 4912 sequimur,
853 4856 916 4894 cum
933 4836 1000 4894 aliis
1017 4836 1100 4892 huius
1118 4833 1296 4893 collectionis
1308 4833 1345 4891 ab
1358 4832 1564 4890 iurisconsultis
1576 4831 1659 4889 huius
1672 4830 1784 4888 comitis
1796 4849 1831 4888 ex
1843 4828 1970 4888 extremi
1987 4827 2055 4885 iuris

603 4928 728 4987 fontibus
745 4927 850 4984 hausta
866 4928 939 4983 eunt
975 4923 1067 4983 Nemo
1084 4925 1140 4991 est,
1163 4920 1212 4994 qui
1235 4921 1334 4981 medat
1356 4919 1567 4978 iurisconsultos
1588 4920 1687 4978 cadem
1710 4936 1744 4977 ex
1766 4918 1828 4993 ipsc
1851 4917 1948 4976 codice
1966 4917 2055 4975 Alari-

595 5034 686 5074 -crano
703 5031 863 5088 sumpsisse.

694 5221 715 5287 ²)
732 5222 842 5271 Ζιιιιιιοι
859 5218 914 5270 lla
933 5218 1030 5282 XXIII,
1043 5212 1143 5280 tel-q.
1178 5217 1281 5266 Patella
1298 5213 1326 5265 in
1343 5212 1451 5280 Digesto
1469 5212 1578 5265 Italianc
1595 5212 1628 5274 V,
1641 5208 1701 5264 977.

693 5323 715 5390 ¹)
734 5324 774 5376 ed.
787 5321 887 5375 Giraud
905 5320 933 5373 ln
943 5317 1029 5372 ‘Imaui
1042 5336 1088 5371 sur
1099 5317 1224 5370 l'bisloirs
1235 5317 1271 5368 du
1283 5316 1350 5368 droit
1362 5316 1473 5380 franceis
1491 5332 1526 5368 au
1544 5331 1638 5382 moyen
1650 5310 1708 5382 ags¹
1733 5315 1809 5367 Paris
1822 5309 1897 5379 1846,
1915 5314 1948 5376 11,
1957 5309 2009 5365 sec
2018 5327 2057 5378 sq.

606 5395 652 5447 cfr.
672 5393 765 5445 Fickar
783 5393 811 5443 in
829 5390 933 5443 IOeGI'.
951 5389 1025 5441 Tem.
1043 5387 1129 5456 suppl.
1149 5389 1186 5450 Il,
1209 5402 1234 5454 p.
1246 5383 1296 5438 ael
1307 5401 1346 5453 sq.
1381 5385 1510 5437 Conmtua
1528 5383 1559 5450 [I,
1575 5383 1628 5435 83⁸
1645 5393 1672 5437 et
1688 5355 1769 5451 4¹10ss
1786 5384 1851 5435 hacc
1868 5382 1973 5449 alisque
1990 5383 2057 5449 frag·

607 5471 693 5517 snenta
710 5460 855 5516 collectioni
872 5461 1008 5526 qunsnto
1026 5467 1084 5527 post
1101 5459 1198 5510 inserta
1215 5471 1272 5508 esse
1289 5460 1371 5523 putat.
