5250 6350
1179 1604 1329 1673 cleve
1352 1607 1547 1673 eexvvn.

744 1767 1021 1850 BREVIARII
1052 1767 1309 1849 EXEMPLA
1340 1768 1608 1852 BREVIATA
1638 1769 1706 1851 ΕΤ
1735 1768 1984 1853 INOERTA.

727 1964 927 2024 Recensuimus
950 1965 1043 2022 sdhuc
1064 1962 1203 2022 Breviarii
1229 1964 1339 2022 codices
1363 1983 1422 2032 eos,
1446 1965 1495 2036 qui
1518 1969 1657 2037 quotenus
1681 1965 1850 2038 perveniunt
1874 1965 2090 2026 constitutiones

641 2048 767 2125 integras
785 2050 927 2111 exhibent
957 2051 1077 2109 Restant
1092 2050 1143 2107 alii
1161 2069 1275 2109 numero
1293 2052 1377 2125 longe
1395 2052 1498 2124 plures.
1516 2050 1566 2123 qui
1584 2055 1636 2109 aut
1651 2052 1722 2124 ipsis
1739 2052 1851 2126 legibus
1867 2053 1977 2111 omissis
1993 2072 2090 2112 carum

641 2136 904 2211 interpretationem
925 2136 1116 2195 Alaricianam
1139 2137 1228 2193 solam
1251 2135 1375 2195 retinent
1396 2136 1459 2205 (bos
1482 2138 1643 2195 decertator
1664 2138 1793 2211 appello)
1810 2137 2042 2212 inscriptionibus
2059 2141 2090 2196 st

641 2223 896 2298 subscriptionibus
907 2225 989 2282 modo
1005 2222 1130 2289 retentis,
1148 2225 1230 2280 modo
1248 2226 1278 2281 et
1296 2223 1365 2296 ipsis
1382 2223 1500 2292 omissis,
1517 2227 1569 2282 ant
1585 2225 1701 2299 singula
1713 2224 1854 2282 Breviorii
1866 2224 1965 2299 capita
1979 2224 2090 2282 omissis

642 2309 873 2382 inscriptionibus
894 2313 924 2368 et
947 2309 1201 2381 subscriptionibus
1225 2310 1263 2366 ad
1286 2310 1550 2382 interpretationem
1574 2311 1666 2383 megia
1689 2329 1775 2382 qnam
1798 2312 1837 2367 ad
1859 2310 1936 2383 ipsas
1960 2311 2037 2383 leges
2060 2311 2090 2366 in

643 2395 837 2467 compendium
856 2394 988 2469 redigunt
1005 2395 1048 2464 (hi
1065 2394 1136 2451 mihi
1154 2395 1286 2452 dicuntur
1303 2395 1474 2467 epitomati).
1510 2397 1657 2454 Accedunt
1674 2398 1712 2453 ad
1733 2398 1802 2453 duos
1819 2396 1871 2453 hos
1888 2396 2000 2454 ordines
2017 2414 2090 2466 quae

642 2480 762 2539 dicenda
783 2482 850 2537 sunt
872 2481 907 2537 de
929 2478 1083 2537 minoribns
1105 2480 1272 2554 fragmentis
1293 2484 1325 2539 et
1347 2481 1382 2539 ds
1404 2480 1488 2538 libris
1511 2480 1626 2540 incertis
1647 2484 1679 2540 et
1701 2481 1863 2555 deperditis
1898 2481 1976 2539 Haec
1997 2480 2092 2539 omnia

643 2585 814 2639 quamquam
831 2569 868 2625 ad
880 2566 1056 2625 Breviarium
1073 2565 1213 2642 integrum
1232 2567 1323 2643 megia
1342 2568 1486 2640 pertinent
1501 2587 1586 2639 quam
1603 2567 1639 2625 ad
1658 2571 1768 2648 partem
1786 2567 1846 2629 eius
1858 2568 2090 2636 Tbeodosianam.

642 2653 824 2713 nihilominus
842 2654 871 2711 in
889 2654 1079 2712 Theodosiani
1097 2674 1208 2727 qnoque
1226 2655 1350 2713 editione
1370 2657 1455 2728 plena
1472 2655 1568 2712 omitti
1586 2675 1641 2713 non
1661 2657 1825 2726 debuerunt
1847 2675 1910 2714 oum
1928 2655 2036 2713 sociant
2053 2656 2090 2712 ad

644 2740 704 2797 eius
726 2760 777 2813 per
794 2741 909 2799 saecula
927 2741 1082 2816 posteriore
1102 2742 1176 2800 vices
1198 2761 1335 2814 usumque
1356 2743 1492 2801 rorensem
1516 2741 1765 2801 determinandum.
1800 2742 1855 2801 esd
1876 2761 1910 2800 ex
1935 2742 2090 2804 decurtatis

644 2847 693 2885 cur
709 2828 765 2895 ita.
783 2833 816 2888 ut
833 2829 903 2891 lecit
920 2829 1085 2897 Haeuelius,
1103 2829 1140 2886 ed
1158 2829 1271 2903 singula
1289 2829 1387 2904 capita
1404 2830 1563 2896 adnotetur,
1581 2830 1644 2901 quis
1663 2830 1750 2888 codex
1768 2828 1836 2901 quid
1853 2828 1986 2897 omiserit,
2005 2848 2091 2888 causa

644 2916 724 2972 nulla
742 2920 792 2974 est
829 2915 979 2988 Epitomae
1003 2920 1110 2983 eutem,
1134 2934 1205 2987 quas
1222 2915 1310 2974 editio
1329 2916 1517 2975 'theodosiani
1535 2915 1640 2990 integri
1661 2918 1738 2975 recte
1756 2919 1966 2988 repraesentare
1984 2914 2091 2987 nequit,

644 3001 669 3058 si
680 3019 766 3072 quam
777 3001 934 3060 utilitatem
947 3003 1050 3060 habere
1062 3005 1204 3074 poterunt,
1222 3001 1250 3059 ei
1261 3002 1400 3060 desiderio
1416 3002 1558 3061 satisfecit
1569 3002 1722 3061 Haenelius
1733 3000 1875 3059 breviario
1891 3002 1968 3059 edito
1981 3002 2091 3074 integro

645 3104 707 3142 cum
730 3086 862 3158 epitomis
880 3087 1009 3143 omnibus
1027 3086 1153 3144 adiectis.
1189 3086 1296 3149 Quibus
1314 3086 1497 3143 consideratis
1519 3087 1549 3142 in
1572 3088 1627 3143 boo
1644 3086 1740 3159 capite
1758 3086 1895 3143 brevitati
1913 3086 2091 3158 potissimum

644 3170 740 3227 studui
763 3171 909 3229 remittens
931 3171 966 3228 de
988 3170 1130 3243 plerisque
1151 3169 1232 3227 libris
1254 3170 1291 3227 ad
1309 3170 1492 3228 Haeneliana
1527 3170 1644 3229 Scilicet
1667 3171 1753 3228 verbe
1776 3170 2009 3227 constitutionum
2027 3188 2091 3226 cum

645 3255 740 3313 obsint
762 3259 821 3313 tam
844 3275 862 3313 a
879 3256 1035 3313 decurtatis
1056 3274 1142 3326 quam
1164 3257 1202 3313 ab
1223 3255 1401 3328 epitomata,
1425 3256 1626 3328 interpretatio
1648 3259 1745 3314 auum
1756 3255 1937 3330 Visigothica
1958 3255 1988 3310 in
2011 3255 2092 3311 libris

646 3340 737 3413 plenis
755 3342 921 3400 exhibeatur
937 3346 1014 3400 recte
1032 3341 1140 3399 tradita
1157 3346 1188 3399 et
1204 3360 1267 3399 raro
1279 3341 1452 3400 dubitationi
1465 3342 1594 3408 obnoxia,
1612 3343 1712 3399 horum
1729 3342 1865 3399 librorum
1877 3341 1990 3399 utilitas
2003 3341 2092 3398 Theo·

646 3428 793 3486 dosienum
805 3429 961 3486 recensenti
978 3429 1115 3503 redigitur
1127 3431 1184 3487 iere
1196 3430 1233 3486 ad
1244 3429 1442 3502 inscriptiones
1457 3434 1488 3488 et
1503 3427 1731 3503 subscriptiones.
1748 3432 1779 3487 et
1790 3446 1855 3487 vere
1871 3431 1916 3486 est
1932 3446 2003 3485 unus
2019 3427 2094 3486 inter

647 3516 810 3574 decurtatos
827 3516 1014 3575 Berolinensis
1031 3516 1232 3589 Savignianus,
1254 3536 1323 3589 quo.
1345 3516 1420 3574 sicut
1437 3536 1501 3575 mox
1519 3516 1640 3585 dicetur.
1663 3516 1707 3573 usi
1724 3535 1819 3574 sumus
1840 3534 1896 3573 non
1919 3514 1979 3573 sine
1997 3515 2093 3587 aliquo

646 3604 747 3660 fructu.
774 3602 829 3661 ssd
846 3602 875 3659 in
892 3621 925 3661 eo
943 3604 1000 3660 iere
1016 3603 1146 3661 substiti
1168 3604 1315 3663 Decnrtati
1328 3622 1391 3661 cnm
1404 3604 1575 3661 descendant
1589 3620 1767 3676 nequaquam
1783 3620 1817 3660 ex
1829 3602 1983 3675 exemplari
1996 3603 2093 3660 eodem

646 3706 749 3754 ornnes,
768 3688 852 3746 immo
870 3690 907 3746 ad
925 3690 1082 3762 archetypa
1099 3691 1216 3748 redeant
1229 3690 1349 3756 diversa,
1367 3691 1422 3746 hoc
1436 3689 1547 3747 videtur
1557 3692 1634 3747 recte
1652 3688 1750 3761 colligi
1768 3706 1849 3761 posse
1866 3706 1900 3745 ea
1912 3687 2093 3746 collectaneis

647 3774 829 3830 Haenelisnis
850 3774 1036 3847 diligentibus
1059 3775 1150 3848 magis
1170 3794 1255 3846 quarn
1277 3775 1428 3832 fructuosis
1451 3775 1526 3831 inter
1547 3793 1594 3832 sos
1619 3778 1731 3847 praeter
1753 3792 1817 3831 eurn
1839 3791 1923 3845 quem
1946 3773 2094 3846 designavi

647 3859 767 3914 alterum
778 3860 888 3915 nullum
899 3858 1027 3924 inveniri,
1046 3859 1095 3930 qni
1113 3859 1142 3915 in
1158 3859 1413 3933 subscriptionibus
1424 3859 1510 3916 utilia
1525 3860 1633 3916 babeat
1649 3858 1679 3915 in
1694 3857 1788 3931 plenis
1802 3876 1859 3915 non
1870 3857 1986 3916 inventa
2003 3875 2094 3929 neque

646 3943 748 4012 ullum,
770 3943 820 4017 qui
843 3943 950 4004 babeat
966 3943 1163 4006 additamenta
1180 3945 1297 4018 propria
1318 3964 1373 4003 non
1395 3945 1466 4002 ilem
1487 3947 1602 4019 reperte
1622 3944 1653 4003 in
1674 3945 1821 4017 plenorum
1843 3943 1948 4016 aliquo.
1983 3944 2017 4000 In
2034 3942 2094 4001 uni-

648 4049 756 4090 versum
774 4031 921 4092 breviandi
939 4031 1167 4093 consuetudinem
1185 4031 1333 4108 probabile
1350 4035 1395 4093 ost
1411 4031 1559 4106 aliqnento
1570 4033 1681 4092 demum
1698 4034 1763 4106 post
1779 4031 1887 4090 iactum
1899 4029 2094 4105 compendium

647 4118 839 4177 Alericiannm
856 4118 1017 4188 invalmsse,
1036 4120 1066 4178 id
1078 4121 1153 4193 quod
1170 4122 1349 4180 confirmatur
1366 4120 1402 4179 iis
1414 4139 1487 4194 quae
1502 4140 1566 4180 mox
1578 4121 1849 4183 demonstrabuntur.
1879 4119 1969 4186 Quam
1987 4119 2023 4178 ob
2035 4138 2094 4177 rem

647 4226 712 4265 cum
732 4207 847 4265 bilibri
869 4207 984 4283 propria
1006 4211 1037 4266 et
1059 4208 1145 4267 utilia
1162 4227 1263 4283 operae
1281 4211 1395 4267 nostres
1411 4228 1468 4267 non
1486 4210 1681 4283 suppeditent,
1703 4210 1816 4283 praeter
1838 4225 1873 4266 sa
1894 4205 2005 4266 scilicet
2022 4225 2096 4279 quse

647 4292 863 4353 subministrant
885 4296 919 4351 de
937 4295 1108 4354 Alaricianis
1130 4298 1226 4368 (supra
1247 4315 1275 4368 p.
1294 4296 1386 4352 XXXI
1396 4299 1477 4368 seq.)‚
1501 4315 1552 4354 nos
1573 4294 1645 4353 satis
1666 4295 1817 4352 habuimus
1838 4296 1877 4351 ad
1898 4294 2096 4352 dsclnmdm

647 4381 793 4446 rationem,
806 4399 878 4452 quae
890 4380 1042 4438 intercedit
1058 4381 1131 4437 inter
1142 4382 1316 4452 exemplaria
1328 4381 1399 4438 baec
1414 4385 1444 4438 et
1457 4382 1550 4452 plena,
1568 4381 1695 4439 subicere
1707 4383 1784 4438 locos
1795 4380 1931 4452 potiores,
1950 4378 2096 4450 inquibus

649 4465 777 4522 codicum
795 4465 942 4537 plenomm
960 4466 1140 4523 diversitates
1157 4465 1275 4523 redeunt
1292 4465 1322 4521 in
1340 4465 1485 4522 breviatis

685 4593 769 4662 l‚2‚9
785 4592 871 4664 (edd.)
889 4609 923 4649 ex
942 4591 1034 4664 plenis
1051 4610 1121 4649 unus
1138 4593 1169 4647 F

820 4695 854 4735 ex
873 4677 1027 4737 decurtatis
1045 4677 1244 4736 Ambrosianus
1263 4709 1296 4721 -
1315 4678 1459 4736 Leidensis
1470 4677 1623 4736 Vossianus

822 4783 856 4822 en
873 4763 1007 4838 epitomis
1023 4765 1182 4839 Aegidiana
1200 4796 1234 4807 -
1252 4765 1433 4824 'laurinensis
1449 4767 1488 4838 (p.
1502 4764 1576 4836 cun
1687 4810 1689 4813 .

685 4863 709 4929 1,
720 4863 761 4928 15,
773 4862 805 4919 1⁷
822 4860 908 4930 (add)
926 4877 960 4918 ex
979 4859 1070 4933 plenis
1087 4878 1159 4917 unus
1176 4862 1204 4917 A

824 4964 858 5005 ex
876 4946 1032 5004 decertetis
1050 4945 1193 5003 Parisinus
1209 4947 1280 5003 ⁴412
1298 4978 1332 4989 —
1350 4945 1506 5003 Vaticanus
1523 4944 1638 5017 reginae
1658 4945 1726 5004 1023

686 5040 709 5108 1,
721 5041 761 5108 16,
772 5041 805 5099 13
821 5041 908 5111 (add.)
926 5058 960 5098 ex
978 5040 1070 5114 plenis
1087 5057 1158 5096 unus
1177 5038 1209 5094 F

823 5144 857 5185 ex
875 5124 1031 5185 decurtatis
1049 5124 1192 5183 Leidensis
1204 5123 1358 5182 Vossianus

824 5231 859 5272 ex
876 5212 1008 5285 epitomis
1025 5211 1185 5286 Aegidiana
1202 5242 1235 5253 -
1254 5211 1401 5267 Fuldensis

685 5294 809 5380 tiit
825 5307 912 5379 (add.)
929 5324 964 5365 ex
988 5306 1079 5381 plenis
1102 5323 1174 5363 unus
1195 5305 1231 5370 0;
1258 5303 1371 5363 accedit
1394 5304 1430 5361 ad
1452 5305 1541 5373 ΒΜ
1563 5302 1661 5362 lolium
1684 5302 1827 5378 singulare
1850 5303 1986 5363 insertum
2008 5301 2098 5362 codici

858 5392 998 5454 Vaticano
1015 5412 1072 5469 reg.
1086 5394 1138 5453 teo
1155 5394 1173 5451 l.
1188 5391 1239 5452 100
