5250 6350
1190 600 1393 666 -611-

651 761 691 823 ils
709 761 854 823 Breviorio
877 765 945 837 qaid
967 765 1138 841 sumpserint
1161 765 1240 839 leges
1261 764 1407 824 nationum
1424 761 1666 833 Germanicarum,
1690 781 1776 838 supra
1800 762 1889 839 phil
1914 761 2013 838 paucis

567 854 796 928 significavimus.
810 886 841 898 -·
855 853 1077 914 Consultetiouis
1096 855 1198 915 veteris
1216 854 1275 912 iure
1294 853 1424 923 consulti,
1442 872 1528 926 quam
1545 854 1582 911 ah
1596 855 1679 912 16666
1697 854 1726 911 16
1743 853 1856 912 decreto
1873 854 2015 924 (11111)

566 946 730 1015 usurpatam
760 941 892 999 (luiscius
919 943 1011 1001 edidit
1039 961 1065 999 6.
1090 944 1157 1000 1577
1184 961 1217 1001 66
1245 943 1342 999 666166
1369 942 1453 1000 66616
1482 942 1629 1014 deperdito
1655 942 1709 1009 (ed.
1732 942 1858 1014 Krueger
1885 940 2015 998 collectio

563 1029 699 1086 librorum
723 1028 856 1086 anteiust.
875 1029 959 1086 6616
978 1049 1005 1103 p.
1021 1030 1094 1099 179),
1118 1034 1262 1087 auctorem
1285 1047 1366 1086 nsum
1385 1028 1530 1085 codicibus
1548 1027 1719 1101 Gregoriano
1741 1032 1771 1084 et
1792 1027 2015 1100 Hermogenisno

564 1115 690 1186 itemque
702 1115 785 1172 Pauli
801 1114 951 1172 sententiis
968 1115 1087 1187 integris
1105 1115 1175 1173 item
1186 1115 1383 1173 Theodosiano
1401 1115 1512 1187 integro
1530 1133 1610 1171 usum
1628 1132 1688 1172 esse
1700 1114 1750 1187 qui
1768 1114 1893 1181 credant,
1912 1118 2014 1170 errent

563 1202 638 1258 Nom
662 1220 719 1258 non
740 1201 831 1259 solum
852 1219 925 1272 quse
951 1202 1016 1258 inde
1038 1202 1121 1260 affert
1149 1203 1235 1269 1,2,’1
1260 1234 1292 1246 ·-
1321 1204 1344 1271 1,
1356 1202 1410 1269 ee
1436 1233 1470 1243 -
1493 1200 1586 1267 2,9,6
1610 1231 1644 1241 -
1666 1202 1775 1268 2,12,2
1799 1232 1833 1242 -
1854 1200 1960 1267 2,12,6
1981 1231 2016 1241 -

563 1286 851 1358 2,12,1-2,16,6
869 1318 901 1328 -
919 1288 944 1354 8,
959 1289 999 1353 12,
1014 1290 1131 1359 116161.)
1149 1319 1183 1330 -
1200 1288 1310 1359 8,18,'l
1330 1319 1362 1329 -
1380 1287 1498 1355 e,1,18,
1517 1286 1612 1345 omnia
1628 1288 1730 1343 666661
1746 1286 1777 1342 16
1788 1286 1914 1359 epitoma
1926 1286 2015 1342 Alan-

565 1372 655 1439 61666,
674 1372 723 1429 666
741 1375 817 1429 erret
834 1371 922 1431 etiam
940 1373 1055 1430 libellus
1074 1392 1137 1429 cum
1155 1375 1255 1431 horam
1273 1373 1401 1430 codicum
1418 1379 1499 1445 porte
1516 1372 1622 1444 aliqua,
1640 1379 1674 1428 ut
1691 1373 1716 1439 8,
1728 1372 1794 1438 1111
1807 1371 1955 1444 inscriptio
1972 1377 2017 1429 est

564 1475 620 1515 666
632 1458 768 1515 Arcadias
786 1465 811 1515 et
826 1459 978 1528 Hortarius,
994 1460 1042 1517 sed
1060 1465 1094 1517 ot
1111 1460 1140 1517 iu
1153 1461 1266 1517 Pube
1281 1462 1425 1518 11666166
1441 1459 1621 1530 6166666166,
1640 1460 1709 1518 item
1726 1459 1832 1527 6116
1850 1477 1901 1531 pro
1917 1458 2016 1529 dboep

564 1546 663 1600 talioni
686 1549 730 1601 est
752 1544 914 1601 discessioni
937 1546 1006 1602 item
1031 1547 1114 1603 utin
1136 1547 1252 1603 Pube.
1294 1548 1394 1618 ltoque
1418 1547 1486 1603 iuris
1510 1547 1619 1620 peritus
1642 1545 1679 1615 is,
1702 1546 1752 1617 qui
1774 1545 2015 1604 Consultstiouem

564 1630 690 1702 scripsit,
714 1630 903 1688 'l'beodosiani
925 1632 1083 1704 exemplum
1105 1633 1239 1690 adhibuit
1260 1632 1319 1689 1616
1340 1633 1410 1700 lere,
1434 1631 1533 1704 qualia
1554 1637 1621 1688 sunt
1637 1631 1744 1687 ordinis
1761 1630 1851 1688 nostri
1869 1630 2015 1689 deterioris

565 1715 770 1786 antiquissima
793 1746 827 1757 —
852 1717 883 1771 ln
907 1715 1035 1772 formulis
1054 1716 1170 1773 Gallicis
1192 1735 1265 1788 quae
1287 1718 1466 1788 reperiuntur
1488 1720 1602 1787 sumpta
1625 1735 1659 1773 ex
1677 1716 1834 1782 Breviario,
1858 1715 2015 1787 composuit

564 1799 679 1856 Zeumer
698 1799 980 1871 (1666666142).
1004 1830 1038 1841 -
1061 1800 1163 1856 Clerici
1187 1820 1237 1873 per
1259 1802 1382 1857 medium
1403 1819 1505 1858 sevum
1527 1819 1590 1856 oum
1614 1800 1708 1856 ubivis
1729 1800 1787 1857 tere
1805 1799 1934 1857 viverent
1956 1800 2016 1855 iure

564 1884 703 1953 11616666,
725 1890 860 1958 excerpts
883 1903 917 1942 ex
934 1886 1080 1944 Breviario
1099 1887 1275 1959 potissimum
1300 1886 1478 1959 reperiuntur
1500 1887 1530 1943 iu
1551 1885 1620 1941 iuris
1638 1885 1765 1942 senonici
1790 1885 1871 1942 libris
1889 1884 2016 1943 Gallicis

564 1972 606 2029 lix
624 1972 670 2029 his
687 1972 889 2031 lliucmsrisns
905 1991 992 2047 supra
1009 1992 1038 2048 p.
1049 1974 1192 2030 LXXXIX
1215 1973 1339 2032 16661661
1361 1978 1462 2048 utpote
1484 1974 1609 2048 proxime
1631 1973 1782 2031 coniuncte
1804 1990 1868 2030 cum
1887 1972 2016 2031 euotsrio

565 2059 705 2119 llreriarii
723 2079 765 2130 eo,
783 2061 817 2119 66
830 2077 886 2135 quo
904 2061 944 2119 ihi
962 2066 1058 2120 actum
1076 2066 1127 2133 est,
1145 2080 1317 2136 quamquem
1335 2061 1399 2137 ipsa
1416 2061 1502 2119 crisio
1517 2079 1572 2119 non
1588 2060 1680 2135 iungis
1697 2061 1798 2119 iuvant
1809 2078 1894 2136 quarn
1906 2059 2016 2133 reliqua

566 2168 600 2207 66
618 2149 764 2210 1116116116
786 2154 927 2226 excerpta.
945 2181 978 2195 -
997 2149 1105 2210 lhidera
1123 2150 1271 2225 tetigimus
1293 2154 1428 2227 excerpta
1450 2148 1556 2210 similia
1577 2169 1596 2209 a
1613 2149 1766 2209 1166661616
1785 2149 1885 2209 Levita
1903 2153 2017 2224 sumpts

565 2257 601 2297 66
618 2239 825 2309 Theodosium,
849 2258 915 2299 vora
935 2238 1043 2315 origine
1063 2240 1168 2315 passim
1186 2241 1263 2299 mala
1279 2241 1379 2299 traude
1397 2240 1498 2299 celata.
1516 2273 1550 2285 -
1569 2239 1673 2298 Contra
1690 2240 1743 2297 sub
1764 2238 1837 2298 veris
1854 2238 2018 2298 auctoribus

565 2326 719 2383 lsudsntur
729 2345 803 2399 quae
820 2345 854 2383 ex
864 2327 1010 2385 Brevisrio
1028 2329 1192 2386 adferuntur
1209 2329 1240 2385 in
1252 2327 1405 2402 Reginonie
1422 2326 1719 2385 abbatisPrumiensis
1732 2327 1835 2397 (1911)
1852 2326 1934 2384 libris
1951 2327 2017 2383 duo·

566 2413 620 2470 bus
637 2413 672 2471 de
690 2414 782 2470 causis
799 2413 983 2485 synodalibus
1003 2420 1034 2471 et
1051 2414 1210 2488 disciplinis
1226 2415 1427 2473 ecclesiasticis
1446 2416 1492 2482 (61.
1511 2415 1616 2471 Conrat
1634 2413 1748 2485 Qucum
1766 2416 1789 2481 1,
1806 2433 1834 2487 p.
1845 2414 1916 2482 268),
1934 2432 2016 2486 quem

547 2498 705 2572 ‚expilarit
724 2500 904 2557 Burohardus
924 2503 951 2572 (ι
970 2501 1047 2571 1022)
1070 2501 1218 2574 episcopus
1235 2501 1452 2559 wormatiensis
1472 2500 1588 2572 (Conrst
1611 2501 1630 2557 1.
1648 2518 1672 2556 6.
1688 2518 1716 2571 p.
1734 2500 1806 2570 261).
1830 2532 1866 2544 -
1889 2499 2016 2571 Denique

566 2604 639 2656 quoe
657 2587 694 2644 ad
711 2586 755 2643 ius
766 2586 922 2643 Romanum
935 2587 1109 2660 pertinentia
1126 2605 1145 2644 6
1161 2589 1274 2645 6666616
1292 2592 1372 2646 sexto
1390 2588 1427 2644 ad
1445 2587 1583 2645 decimum
1602 2586 1743 2643 66661116
1759 2586 2017 2658 innotueruntpost

566 2673 731 2746 flavigniun
749 2672 900 2746 diligenter
918 2673 1038 2732 collecte
1056 2691 1073 2731 a
1088 2672 1209 2731 Oonreto
1221 2673 1346 2745 (Qacllsu
1361 2675 1383 2741 1,
1398 2674 1506 2743 1-30),
1524 2691 1618 2729 eorum
1638 2672 1722 2745 longe
1739 2672 1874 2746 pleraque
1892 2674 2017 2745 pendent

566 2778 600 2817 ex
618 2759 763 2816 Breviorio
781 2777 883 2832 neque,
907 2759 931 2816 si
950 2759 1052 2817 1611661
1071 2762 1198 2818 novellas
1216 2760 1373 2835 exceperis,
1398 2762 1442 2817 ius
1461 2759 1645 2818 lastinianum
1669 2760 1709 2816 ibi
1733 2778 1783 2833 per
1801 2760 1871 2817 baec
1889 2761 2017 2830 tempora

566 2846 710 2903 invenitur
726 2846 886 2905 adhibitum
904 2865 972 2904 esse.

652 2933 833 2990 licentrario
850 2932 966 2991 littores
984 2934 1117 3002 11611666,
1134 2954 1190 2994 666
1207 2938 1297 2993 solum
1315 2936 1524 3008 provinciaram
1541 2935 1755 3007 Byzantiorum,
1778 2932 1827 2991 sed
1850 2932 1936 2990 etiarn
1954 2950 2016 3007 par·

568 3019 640 3075 tium
654 3019 928 3091 ngobsrdicarum
941 3020 1167 3078 'l'beodosisnom
1178 3026 1326 3093 totumque
1338 3023 1512 3079 Breviorium
1529 3022 1661 3095 ignorent
1678 3023 1796 3094 ipsoque
1813 3038 1930 3092 corpore
1948 3019 2017 3076 iuris

566 3103 754 3161 ecclesiastici
771 3103 813 3158 ibi
831 3104 1002 3176 conscripts,
1026 3108 1058 3161 ut
1076 3106 1208 3163 collectio
1224 3109 1357 3164 Anselmo
1374 3107 1507 3165 66616616
1524 3108 1648 3165 6666111
1666 3111 1696 3163 61
1714 3123 1785 3178 quas
1802 3109 2017 3178 composuerunt

565 3207 638 3247 saec.
649 3189 689 3246 x1
701 3192 821 3247 exeunte
832 3191 981 3247 Amelmos
992 3192 1142 3264 spiscopus
1154 3193 1282 3250 Lucanus
1300 3198 1330 3250 et
1342 3193 1493 3250 cordiuslis
1505 3192 1660 3251 Deusdedit
1672 3192 1798 3265 syllogse
1811 3209 1883 3263 quse
1895 3191 2017 3248 efferunt

566 3294 600 3332 ex
622 3275 682 3333 iure
699 3275 839 3344 11661666,
862 3276 957 3334 omnia
979 3283 1046 3334 sunt
1063 3279 1233 3349 lustiniens,
1258 3279 1421 3351 somnisque
1440 3278 1618 3353 Fittiogisna
1635 3279 1799 3350 (Zsitsolrritt
1821 3276 1870 3334 der
1886 3276 2015 3349 mum-

565 3361 705 3436 8111669,
726 3370 791 3422 rom.
805 3364 883 3422 Actu.
901 3364 927 3431 9,
939 3364 1004 3428 676)
1026 3383 1094 3422 senc
1116 3367 1221 3424 iudicio
1244 3367 1349 3425 Conrat
1371 3367 1493 3439 (Ouellcrs
1518 3368 1595 3433 1,)16.
1612 3367 1676 3438 668)
1698 3365 1842 3423 6611116611.
1881 3366 2017 3437 Attamen

566 3448 613 3516 (61.
633 3449 811 3505 06666116.
830 3451 1150 3521 praetentandi
1173 3453 1283 3510 codices
1305 3472 1361 3510 non
1382 3454 1493 3509 omnino
1517 3453 1638 3510 doluisse
1662 3452 1692 3508 16
1715 3451 2017 3510 6161161666161161166

565 3534 716 3607 superioris
736 3537 824 3592 testes
841 3540 908 3593 suut
925 3537 1079 3606 66166611)
1098 3541 1270 3612 archetypus
1287 3540 1411 3613 scriptus
1428 3540 1564 3596 Foroiulii
1582 3539 1747 3611 (666611)
1764 3543 1794 3595 6ι
1812 3537 1879 3592 libri
1896 3536 1952 3593 duo
1969 3538 2016 3592 ad·

566 3621 621 3679 huc
638 3623 743 3681 servsti
762 3622 792 3679 in
810 3623 984 3682 bibliotheca
1003 3625 1155 3700 capitulari
1174 3626 1367 3701 Eporediensi3
1392 3627 1511 3698 denique
1529 3643 1564 3683 66
1581 3644 1689 3683 summa
1708 3623 1866 3698 Aegidiaoa
1884 3628 2017 3697 excerpta

565 3714 678 3783 reperta
695 3716 761 3769 runt
779 3710 809 3767 in
828 3710 931 3769 codicis
944 3712 1093 3775 1661161661
1111 3715 1320 3788 exemplaribus
1338 3714 1541 3787 antiquissimis
1552 3715 1690 3788 (Krueger
1701 3714 1737 3772 ad
1751 3713 1811 3770 666.
1825 3713 1893 3770 1661.
1905 3709 1930 3781 6,
1942 3712 1982 3780 12,
1990 3714 2018 3784 4)

565 3802 596 3855 61
613 3797 704 3856 mixte
722 3798 884 3857 Iustiniaois
902 3798 931 3856 16
950 3800 1031 3859 libris
1048 3802 1252 3860 Holkhsmeusi
1270 3803 1368 3878 (601)
1387 3809 1417 3863 et
1434 3802 1601 3862 ’1666166661
1619 3801 1754 3874 (60111).

869 4021 910 4089 V.
940 4021 1066 4088 LIBRI
1087 4021 1322 4089 burburus
1344 4021 1433 4090 VEL
1457 4020 1712 4088 DEPERDI'PI.

651 4157 846 4231 ‘tagastensis
870 4158 1071 4218 bibliothecae‘
1094 4162 1193 4229 codex,
1216 4180 1299 4234 quern
1325 4161 1520 4235 Sigismundus
1544 4161 1675 4233 ilsungus
1699 4178 1762 4214 66ι6
1786 4157 1921 4215 Sichardo
1945 4176 2017 4214 com·

570 4244 734 4312 manicavit,
754 4246 821 4302 buic
839 4264 873 4304 66
890 4248 1082 4320 suppeditorit
1099 4266 1210 4306 necesse
1229 4254 1279 4317 est,
1297 4267 1371 4320 quae
1389 4249 1478 4306 editio
1494 4267 1528 4306 66
1546 4246 1661 4320 proprie
1677 4245 1766 4303 hebet
1782 4263 1837 4301 nou
1854 4242 1970 4300 invento
1988 4243 2017 4299 16

566 4329 647 4385 libris
670 4330 762 4387 tribus
786 4332 902 4403 reliquis
925 4334 961 4389 ab
985 4333 1083 4390 eodem
1108 4335 1247 4391 sdbibitis
1269 4335 1500 4407 Argentoratensi
1523 4334 1606 4390 hodie
1626 4332 1772 4399 Bemensi,
1795 4329 2017 4403 Mogontiacensi

565 4416 649 4473 bodie
666 4416 805 4484 Gotbano,
823 4419 1008 4487 Murbsceosi,
1028 4420 1107 4476 cuius
1124 4425 1251 4492 superest
1268 4422 1465 4493 apographum
1483 4419 1744 4477 etmerbschianum.
1774 4419 1829 4476 866
1847 4418 1876 4473 16
1894 4416 2017 4472 66111666

565 4503 637 4559 16116
655 4508 732 4560 certo
750 4521 805 4559 non
824 4504 1044 4577 distinguantur.
1073 4506 1177 4562 Oontre
1195 4506 1285 4562 codici
1304 4507 1339 4573 ei,
1358 4524 1441 4576 quem
1460 4506 1573 4576 accepit
1590 4505 1750 4571 sichardus,
1769 4522 1831 4559 oum
1850 4502 1938 4559 editio
1956 4519 2016 4572 per·

567 4588 688 4644 venisset
705 4589 742 4644 ed
760 4589 784 4656 2,
797 4588 836 4654 10,
846 4592 871 4655 5,
889 4590 918 4644 16
937 4591 1005 4645 16116
1023 4595 1149 4646 extremo
1167 4593 1332 4648 nominatim
1351 4591 1434 4663 plura
1452 4592 1691 4661 6666616161611,
1710 4607 1744 4644 66
1763 4589 1866 4659 quibus
1883 4588 1936 4642 hoo
1956 4587 2017 4640 loco

565 4690 600 4729 ea
616 4675 752 4743 repetem,
770 4691 843 4742 quse
862 4674 947 4729 codex
966 4675 1055 4731 66661
1071 4679 1123 4730 661
1137 4675 1192 4731 6161
1210 4678 1324 4748 propria
1339 4684 1398 4742 aut,
1417 4677 1465 4732 ubi
1481 4674 1582 4744 reliqui
1595 4674 1734 4738 differunt,
1753 4677 1910 4742 comperte
1923 4687 2016 4725 eorum

565 4757 783 4815 consentientia:

637 4863 659 4927 l,
669 4861 695 4927 2,
704 4861 752 4927 6,1
807 4866 903 4919 nostro
921 4862 1138 4935 praeiudicium]
1158 4863 1245 4921 nostri
1263 4862 1431 4934 praeiudicii

737 4947 755 5002 2
807 4947 973 5021 remittitur]
991 4949 1138 5007 emittetur

636 5035 659 5100 1,
669 5033 694 5100 2,
706 5034 773 5099 10,6
808 5034 944 5104 firmatur}
963 5036 1142 5092 confirmator

637 5119 757 5187 1,6,1,6
809 5120 1119 5194 scriptis1exscriptis

637 5209 660 5275 1,
670 5210 695 5274 5,
705 5207 758 5277 ee
810 5209 928 5282 negotii}
948 5209 1074 5281 negociis
1091 5230 1149 5264 sam
1163 5212 1185 5264 L

657 5384 677 5450 Ι)
695 5385 735 5437 lix
747 5386 867 5440 oolhmo
884 5386 971 5440 661616
987 5387 1074 5454 glossa
1092 5389 1125 5441 66
1143 5385 1292 5454 2,21,1,1;
1310 5387 1507 5439 66ιοὶ6666166
1590 5383 1688 5435 loboris
1705 5390 1744 5434 est
1761 5382 1823 5453 item
1841 5388 1905 5433 16616
1918 5380 2018 5432 1616116

567 5456 595 5511 16
612 5456 700 5510 666166
716 5456 874 5511 ’1666166661
891 5457 999 5524 originis
1016 5455 1122 5511 11611666
1140 5455 1267 5527 (60111).
