5250 6350
771 1451 844 1533 DE
877 1451 975 1534 VSV
1009 1451 1277 1534 BltEVlAltli
1310 1450 1615 1535 ALARlClANl
1656 1452 1874 1537 FORENSI

1094 1598 1162 1679 ΕΤ
1193 1597 1554 1684 SCHOLASTICO

631 1744 732 1825 PER
761 1743 1073 1846 HlSPANlAM,
1106 1743 1357 1846 GALLIAM,
1389 1744 1612 1826 l'l'ALIAM
1643 1744 2017 1840 REGIONESQVE

1216 1887 1434 1971 VICINAS

864 2050 975 2109 ndiccto
992 2049 1086 2108 indico
1105 2050 1228 2108 iocorum
1246 2069 1279 2107 ex
1298 2049 1442 2110 Brerinrio
1460 2009 1653 2110 oddibitorum
1670 2050 1785 2126 scripsit

1103 2188 1259 2256 Aliredus
1281 2189 1323 2257 de
1339 2191 1548 2259 Wretschko.

604 2379 778 2434 Prooemium.
792 2407 825 2417 -
839 2377 864 2430 1.
882 2375 1006 2443 Regnum
1020 2372 1215 2442 Viopoeoosum
1230 2375 1387 2442 praemis
1400 2376 1550 2444 Hisporss'o.
1581 2378 1620 2432 Π.
1640 2379 1742 2445 Gellio,
1756 2379 1905 2433 consensa
1916 2380 2049 2448 regiones·

755 2460 933 2531 porciones.
970 2457 1027 2512 111.
1048 2457 1138 2511 italio.
1158 2487 1191 2496 -
1211 2457 1301 2512 iudex
1318 2458 1435 2512 locorum
1457 2476 1491 2515 su
1508 2462 1649 2517 Derim
1666 2463 1854 2519 mdiorum.
1887 2464 2049 2534 ilosspm

755 2546 875 2618 sordium
896 2543 978 2599 medii
998 2544 1069 2612 occi,
1093 2558 1160 2613 poor
1182 2549 1370 2614 perscrutatos
1391 2561 1458 2601 sess.
1504 2547 1651 2619 sorores,
1676 2566 1744 2621 quos
1768 2550 1892 2620 ιάὴῶιά,
1919 2566 1967 2606 sec
1992 2567 2050 2605 scs

755 2632 891 2701 lituorum,
909 2630 1004 2701 puoso
1021 2646 1089 2686 rsssss
1106 2646 1173 2699 sum,
1192 2629 1337 2687 isdicrsius.

688 2809 729 2865 De
747 2805 883 2864 Brerierii
902 2804 1057 2863 Alericieni
1080 2824 1130 2861 usu
1153 2823 1204 2877 per
1220 2805 1343 2862 medinm
1361 2824 1462 2863 serum
1479 2809 1509 2865 et
1531 2807 1633 2864 forensi
1651 2812 1681 2867 et
1698 2810 1867 2870 scholestico
1886 2813 2048 2871 ιιιιίιιιοιιίι
2083 2816 2258 2869 stamen.

603 2897 705 2953 iubeo
722 2913 812 2951 nosse
830 2891 1018 2951 Tbeodcsieui
1035 2891 1168 2949 editionis
1186 2892 1345 2964 appendice
1363 2893 1568 2965 compositurus
1590 2912 1682 2966 peuce
1704 2898 1815 2955 tentum
1837 2896 1959 2970 preeieri
1978 2900 2050 2958 roio.

602 2983 677 3037 lntcr
689 2981 815 3037 homines
827 2980 931 3045 doctos,
949 2977 998 3047 qui
1018 2977 1052 3033 de
1069 2994 1120 3031 usn
1135 2976 1271 3032 Brevierii
1287 2977 1484 3043 disseruerunt.
1502 2979 1714 3037 (iodoiredns
1731 2984 1915 3038 nominandus
1932 2988 1984 3049 est.
2003 2986 2051 3054 qui

601 3067 631 3122 in
649 3065 745 3137 cepite
762 3063 884 3135 septimo
901 3063 1158 3135 prolegomenorum
1177 3062 1214 3117 ed
1231 3061 1457 3119 Theodosienum
1475 3064 1510 3120 de
1527 3082 1579 3120 usn
1597 3064 1669 3136 legis
1686 3065 1829 3123 &mense
1841 3068 2052 3140 visigothorum

602 3150 713 3208 locutus
730 3149 869 3221 quaedem
886 3149 1005 3212 unium.
1023 3164 1097 3218 quse
1114 3145 1151 3202 ed
1170 3146 1297 3220 regiones
1315 3147 1544 3222 Frencogsilices
1561 3150 1706 3222 spectent,
1727 3150 1829 3208 ettulit
1846 3154 1941 3210 cetere
1958 3152 2053 3211 omnis

601 3235 747 3305 omittens.
772 3252 941 3308 quemquem
965 3233 1078 3291 rubrica
1100 3230 1178 3290 illins
1200 3233 1303 3304 cupitis
1321 3234 1516 3309 multoplures
1538 3234 1654 3295 indicet.
1689 3237 1808 3295 Sescnio
1826 3237 1927 3297 deinde
1944 3239 2053 3298 docimo

602 3344 674 3383 nono
686 3322 870 3398 florignius
887 3321 955 3381 iuris
968 3321 1085 3379 Romaiu
1098 3321 1246 3380 historiam
1263 3320 1349 3380 medii
1368 3321 1431 3381 oevi
1450 3340 1582 3380 eunmons
1600 3322 1629 3380 in
1646 3324 1803 3401 appendice
1819 3327 1949 3397 secundo,
1968 3348 2052 3402 quem

602 3412 686 3472 uitem
705 3412 840 3472 volumini
859 3411 951 3488 operis
968 3412 1012 3469 sui
1030 3409 1174 3481 (editionis
1194 3412 1219 3467 li
1238 3412 1353 3484 diieq.)
1374 3411 1499 3480 eddidit.
1524 3412 1595 3471 dues
1619 3413 1741 3472 inbelles
1762 3414 1894 3475 exhibuit
1914 3421 1944 3475 et
1966 3409 1996 3474 iu
2018 3415 2053 3474 iis

602 3500 779 3572 testimonio,
802 3501 957 3573 exquibus
980 3500 1048 3558 iuris
1067 3499 1184 3557 domeni
1204 3500 1339 3558 librorum
1362 3520 1413 3574 per
1429 3501 1553 3558 medium
1570 3520 1671 3562 serum
1693 3523 1760 3562 usus
1777 3505 1894 3564 sorensis
1916 3506 2054 3580 imprimis

603 3609 669 3650 vero
686 3589 871 3647 scholasticus
884 3587 1013 3662 cognosci
1028 3591 1131 3661 potest
1150 3587 1366 3662 diligentissime
1379 3590 1504 3665 collegit
1537 3590 1660 3655 Qnernm
1678 3589 1770 3664 prime
1783 3592 1946 3652 testimonie
1957 3613 2053 3652 secun·

602 3679 669 3734 dum
689 3677 784 3748 operis
806 3676 866 3732 eius
890 3676 987 3748 cepits
1009 3675 1146 3747 disponit,
1171 3676 1262 3732 eltere
1285 3676 1436 3732 secundum
1461 3676 1600 3742 ordinem.
1624 3697 1707 3748 quern
1731 3678 1800 3735 iuris
1821 3679 1940 3738 Romeni
1963 3682 2053 3739 sontes

602 3767 765 3834 sequuntur.
800 3762 878 3827 Qnee
896 3761 1020 3818 tsbellee
1038 3760 1254 3833 diligentissime
1273 3761 1457 3833 compiletee.
1479 3762 1609 3832 quemvis
1630 3766 1691 3819 tum
1709 3765 1805 3836 megni
1829 3767 2053 3833 eestimerentur.

603 3848 688 3906 hodie
705 3846 824 3905 eruditis
841 3847 1003 3904 satisfecere
1015 3863 1070 3902 non
1083 3849 1209 3917 possunt.
1239 3847 1313 3903 Nem
1327 3845 1379 3901 riri
1392 3846 1470 3903 docti
1488 3865 1521 3904 ex
1539 3865 1572 3904 eo
1591 3851 1718 3920 tempore
1736 3867 1792 3905 non
1809 3850 1899 3907 solum
1918 3851 2055 3909 intentius

603 3933 672 3992 iuris
693 3933 811 3991 Romeni
835 3936 865 3990 et
889 3930 1049 3989 Germanici
1073 3931 1198 3988 sontibus
1222 3933 1390 3989 studuerunt
1414 3933 1561 4003 veriorque
1586 3937 1648 3990 turn
1670 3933 1781 4008 ignotos
1804 3936 1982 4005 detexerunt,
2006 3939 2055 3995 sed

603 4023 689 4081 etiem
707 4040 812 4088 eorum,
835 4017 885 4092 qui
907 4018 965 4076 iem
982 4018 1174 4085 innotuerant,
1199 4037 1279 4075 nsum
1302 4019 1465 4077 melioribus
1487 4019 1659 4077 editionibus
1681 4022 1836 4080 feciliorem
1866 4024 2054 4082 reddiderunt

604 4109 755 4166 Preeteree
775 4125 843 4164 urus
865 4104 1034 4163 tebellsrum
1054 4121 1073 4160 e
1094 4103 1230 4177 serignio
1255 4104 1474 4175 compositurnm
1496 4105 1601 4177 possim
1624 4123 1658 4164 eo
1682 4107 1849 4178 impeditur,
1871 4108 1946 4180 quod
1968 4110 2055 4175 locos,

604 4214 674 4266 quos
700 4193 838 4252 Brerierii
863 4193 1023 4250 seductores
1049 4209 1083 4248 sx
1107 4190 1303 4248 Theodorieuo
1329 4193 1552 4262 assumpserunt,
1580 4192 1745 4263 plerumque
1772 4193 1924 4250 secundum
1951 4195 2056 4252 codicis

604 4278 720 4353 genuini
737 4278 875 4338 editiones
893 4279 1010 4352 ellegst

692 4382 770 4447 Quee
782 4381 932 4454 Sevignius
944 4380 1084 4452 preebuit,
1101 4384 1238 4450 queutum
1255 4379 1292 4434 ed
1305 4379 1480 4435 Brerierium
1497 4379 1630 4445 ettiueut.
1648 4380 1835 4438 Heensiiue
1852 4381 1882 4437 in
1899 4382 2056 4453 appendice

605 4467 738 4527 editionis
760 4467 832 4540 legis
850 4468 994 4524 Romeuu
1012 4465 1224 4538 visigothorum
1250 4463 1373 4520 correxit
1393 4466 1423 4520 et
1446 4464 1535 4520 euxit
1570 4464 1656 4523 Dedit
1677 4465 1752 4523 enim
1777 4465 1897 4523 indicem
1916 4467 2057 4523 seriorum

607 4553 743 4614 Breviorii
760 4554 893 4622 locorum,
911 4552 962 4624 qui
980 4552 1010 4608 in
1024 4551 1186 4624 posterioris
1204 4549 1309 4607 eetotis
1322 4550 1409 4606 libros
1421 4549 1565 4608 hendisse
1580 4549 1718 4608 ridentur.
1750 4552 1782 4607 ln
1794 4567 1849 4622 quo
1861 4552 1956 4611 indice
1967 4571 2057 4624 seque

607 4662 641 4700 ec
658 4639 809 4715 derignius
830 4638 944 4697 silentio
967 4637 1127 4711 proeteriit,
1149 4641 1243 4695 utrum
1265 4636 1416 4709 scriptores
1434 4636 1578 4695 Brerierio
1596 4636 1764 4710 posteriores
1782 4657 1815 4696 ex
1835 4638 1896 4711 ipso
1913 4639 2057 4699 Brcrieric

607 4751 643 4787 nn
665 4748 698 4787 ex
723 4728 780 4786 elic
803 4729 877 4785 sonte
899 4727 1070 4792 hausissent,
1095 4725 1123 4782 iu
1148 4725 1229 4783 cuius
1252 4727 1346 4782 textus
1368 4725 1527 4798 [tegmento
1550 4724 1686 4781 Brevisrii
1710 4725 1910 4797 pervenissent.
1945 4728 1999 4783 Sed
2022 4746 2058 4785 ne

608 4814 737 4873 Hecnelii
754 4814 868 4887 quidem
891 4814 999 4872 tebelle
1023 4832 1080 4871 une
1104 4831 1167 4870 cum
1192 4815 1347 4885 epperetu,
1369 4830 1452 4883 quern
1476 4815 1576 4870 euctor
1596 4812 1716 4886 siugulis
1734 4812 1871 4870 Brevinrii
1892 4813 2058 4888 fragmentis

607 4902 749 4977 opposuit
768 4901 864 4959 omnis
881 4900 1053 4970 testimonie,
1071 4917 1144 4972 quoe
1162 4899 1246 4957 hodie
1264 4901 1378 4972 preesto
1397 4901 1470 4966 runt,
1489 4899 1589 4956 sdiert

694 5008 763 5065 Cum
787 5008 945 5081 [tegmento
968 5004 1104 5065 Brerierii
1129 5023 1180 5077 per
1200 5002 1325 5062 medium
1348 5021 1449 5063 sevum
1474 5004 1532 5064 iste
1555 5004 1656 5063 diffuse
1678 5001 1796 5064 siut'et
1821 5005 2059 5074 vside'certstur,

609 5094 707 5154 usnine
725 5094 830 5154 ineunt
847 5094 914 5153 huic
929 5096 973 5154 vei
992 5094 1036 5153 ilii
1055 5095 1123 5153 iuris
1141 5095 1316 5168 compendio,
1335 5093 1472 5152 Breviorii
1485 5093 1660 5167 aliorumque
1672 5093 1741 5153 iuris
1753 5093 1872 5154 chsni
1890 5095 1974 5153 medii
1994 5095 2057 5153 sevi

609 5183 731 5241 sontium
752 5183 867 5240 minime
888 5183 997 5255 peritus
1019 5183 1211 5248 hessionum.
1234 5200 1272 5239 en
1294 5182 1451 5238 clarissimo
1469 5183 1606 5253 magistro
1628 5182 1762 5238 invisenti
1788 5185 1954 5253 obsequerer
1975 5186 2004 5240 et
2028 5183 2058 5238 in

608 5286 721 5325 munere
734 5268 802 5324 iuris
814 5267 971 5324 Germanioi
983 5268 1177 5338 Austriecique
1191 5267 1327 5325 historice
1339 5268 1367 5322 in
1382 5267 1567 5324 universitate
1577 5268 1773 5340 Ocnipontune
1787 5268 1927 5325 docendee
1939 5269 2057 5324 multum

609 5357 764 5426 occupetur
781 5354 860 5411 brevi
878 5354 959 5410 unius
977 5355 1043 5410 euni
1064 5353 1159 5427 spetic
1185 5354 1258 5410 henc
1283 5355 1372 5409 totam
1395 5352 1543 5411 meterism
1565 5353 1742 5411 mediocriter
1766 5352 1923 5426 perspicere
1941 5370 2058 5425 possem
