5250 6350
1267 654 1300 665 -
1337 624 1427 681 hlllll
1462 656 1495 667 -

810 780 919 850 ιΜαιί.)
938 778 1063 845 iubetur,
1081 779 1171 836 donec
1188 780 1213 835 si
1230 800 1286 852 qua
1305 780 1484 848 distraxerat,
1502 784 1707 855 possessoribus
1726 787 1795 843 rele-

812 868 927 935 'rantur,
945 866 969 921 ei
988 884 1045 936 qua
1064 884 1128 922 uero
1147 866 1263 937 praedia
1280 885 1331 923 suo
1349 867 1455 923 nomini
1474 874 1689 941 comparaverat
1708 871 1752 926 vel
1771 871 1795 925 si

810 954 890 1021 ‘quae
913 954 996 1009 aedes
1017 955 1085 1021 (qua
1107 952 1167 1007 sedi
1185 953 1282 1021 Mart)
1303 956 1429 1023 tempore
1452 972 1520 1010 suae
1541 955 1794 1012 administrationis

810 1040 975 1094 ‘extorserat
992 1038 1249 1105 (exlmrcratl‘ll.),
1273 1036 1328 1092 iuri
1349 1038 1389 1094 rei
1412 1039 1544 1109 publicae
1565 1039 1683 1107 (romani
1702 1040 1793 1111 ponti·

809 1123 878 1178 ‘ficis
897 1125 994 1192 Musa)
1014 1122 1191 1177 vindicentur
1209 1122 1385 1189 (ucndicctur
1402 1124 1508 1192 Mart).

673 1225 698 1280 3.
717 1225 809 1297 [⁴lliuc
824 1230 875 1290 est,
891 1226 966 1296 quod
984 1244 1071 1296 usque
1083 1225 1120 1280 ad
1133 1228 1242 1281 vestrae
1254 1223 1415 1281 serenitatis
1432 1224 1616 1296 magistratus
1631 1225 1717 1282 annui
1733 1230 1791 1282 tarn

809 1311 863 1367 ‘illi
886 1310 916 1367 in
939 1311 1068 1382 partibus
1086 1315 1300 1383 permanserunt
1322 1329 1405 1380 quam
1429 1309 1542 1368 istisin
1566 1310 1695 1383 partibus
1717 1312 1794 1384 apud

810 1400 870 1454 ‘nos
883 1399 1019 1455 hactenus
1032 1416 1194 1469 pemranere
1207 1398 1370 1468 probantur,
1388 1402 1421 1452 nt
1434 1396 1568 1455 videlicet
1585 1397 1793 1454 alternantibus

809 1486 871 1556 ‘per
888 1486 998 1540 alterna
1016 1483 1134 1539 (lucibus
1152 1483 1322 1556 temporalia
1339 1486 1490 1556 augeretur
1508 1483 1627 1539 Romani
1650 1484 1792 1555 pontificis

808 1573 914 1644 ‘potius
922 1591 1006 1643 quam
1019 1571 1133 1643 perenni
1143 1571 1360 1644 magistratibus
1373 1570 1402 1625 in
1414 1569 1458 1625 ins
1470 1569 1615 1641 proprium
1627 1568 1791 1642 redigatur]

673 1668 698 1723 4.
716 1668 756 1725 'et
773 1667 859 1724 infru:

809 1754 893 1810 ‘Num
912 1772 974 1810 cum
993 1771 1084 1809 rerum
1103 1752 1239 1824 possessio
1258 1751 1317 1809 sive
1336 1750 1366 1806 in
1384 1748 1549 1808 decennium
1571 1747 1630 1806 sive
1654 1748 1683 1805 in
1703 1748 1794 1806 vicen·

810 1841 897 1898 ‘nium
910 1839 1010 1898 sivein
1023 1838 1198 1904 tricennium,
1217 1838 1292 1894 sicut
1303 1840 1346 1908 (nt
1358 1837 1453 1907 Mart.)
1463 1835 1642 1909 legislatores
1659 1841 1795 1905 asserunt,

811 1928 986 1985 'excludatur
999 1926 1042 1984 vel
1062 1926 1246 1992 coullrmctnr,
1264 1943 1355 1990 cerne,
1374 1923 1500 1995 piissime
1519 1923 1696 1996 [Christoque
1714 1924 1796 1983 (levo-

809 2014 937 2086 ‘tissirunl
956 2014 1117 2086 imperator,
1133 2015 1269 2085 quantum
1281 2014 1400 2083 (quanta
1413 2012 1518 2083 ltlupk)
1536 2011 1688 2083 unicuique
1700 2013 1796 2070 discri-

811 2101 904 2158 'ruiuis
922 2101 1022 2159 iuscrrs
1037 2101 1131 2157 valeat
1142 2102 1186 2156 tot
1198 2118 1333 2156 annorum
1347 2097 1541 2171 praescriptio,
1559 2098 1625 2155 dnm
1639 2099 1794 2170 tyrannicis

809 2188 938 2247 ‘ducibus
960 2187 1144 2262 magistratus
1162 2186 1323 2254 continuus,
1348 2186 1433 2259 {quod
1456 2205 1474 2244 a
1496 2186 1618 2245 saeculis
1636 2206 1796 2259 numquam

809 2278 948 2335 ‘anditum
965 2276 1026 2334 sive
1043 2276 1148 2335 lectum
1166 2274 1364 2345 reminiscitur]
1383 2275 1562 2348 suffragatur.

674 2384 699 2437 5.
717 2380 893 2453 ‘praesertim
911 2399 974 2436 cum
992 2380 1022 2435 in
1040 2380 1173 2437 Romanis
1190 2379 1302 2451 legibus
1319 2381 1435 2435 cautum
1451 2378 1491 2434 sit

811 2468 854 2523 'ut
878 2466 907 2521 id
933 2468 1044 2523 tantum
1069 2467 1104 2522 cle
1126 2483 1207 2521 sacra
1229 2464 1408 2537 responsione
1430 2463 1620 2520 substantiam
1645 2467 1797 2531 mutuetur,

811 2552 896 2621 ‘quod
914 2551 1008 2623 legum
1026 2551 1134 2608 auxilia
1152 2553 1358 2623 prosequuntur
1375 2552 1571 2621 (persecuntur
1586 2551 1692 2620 Mart).

674 2652 699 2707 6.
716 2650 757 2704 ‘ct
774 2647 889 2704 itanum:

811 2734 957 2791 ‘Generalc
977 2737 1158 2805 pracceptum
1177 2731 1311 2790 beneflcio
1330 2731 1449 2802 speciali
1468 2733 1679 2790 anteferendum
1697 2737 1748 2790 est.
1864 2733 1916 2789 Th.
1931 2735 1954 2798 l,
1966 2732 2016 2799 1,4

676 2833 700 2886 Ἰ.
718 2833 758 2888 'ct
776 2830 858 2886 illud:

812 2916 928 2972 ‘Contra
950 2914 993 2970 ius
1011 2914 1148 2985 rescripta
1170 2933 1223 2969 nou
1244 2914 1359 2970 valcant
1375 2913 1484 2983 (ualent
1498 2915 1606 2984 Mara),
1625 2932 1802 2985 quocumque
1871 2915 1923 2971 Th.
1938 2915 2023 2980 l,2,2

812 3002 905 3058 ‘modo
924 3001 1028 3057 luerint
1050 3000 1215 3072 impetratu:
1240 3001 1315 3069 quod
1338 2999 1412 3056 enim
1437 3000 1554 3071 publica
1577 3001 1639 3056 iura
1662 3001 1798 3072 praescri·

814 3088 903 3153 'bunt
922 3086 975 3144 hoc
993 3088 1055 3154 (aar.
1069 3087 1165 3155 Mart)
1183 3085 1274 3158 magis
1291 3085 1372 3155 sequi
1388 3084 1495 3142 iudices
1514 3086 1624 3142 debent.

676 3187 700 3240 8.
719 3187 759 3241 'et
776 3183 862 3239 inira:

812 3267 985 3326 ‘Pomonaliu
1001 3267 1146 3338 rescripta,
1159 3285 1232 3336 quae
1247 3285 1309 3322 curn
1326 3265 1386 3323 iure
1400 3267 1578 3332 concordant,
1592 3267 1707 3324 valeant
1723 3285 1798 3324 more

813 3356 949 3412 'vctcruur
972 3356 1000 3411 ct
1022 3351 1142 3425 negotii,
1165 3353 1199 3409 ‹lc
1217 3371 1273 3424 qno
1293 3351 1419 3423 loquitur
1437 3354 1532 3408 nostre
1549 3352 1710 3425 rescriptio,
1734 3353 1796 3409 finis

812 3443 898 3499 'latae
916 3439 1073 3498 ecrrtcutiac
1092 3438 1210 3507 (scutiae
1232 3439 1327 3507 Mart.)
1346 3438 1474 3495 terminis
1492 3442 1651 3504 censeatur,
1674 3440 1799 3513 speciale

810 3529 883 3597 'ties
894 3530 989 3598 Muri.)
1003 3530 1098 3584 autom
1112 3526 1136 3582 ei
1148 3525 1216 3598 quid
1229 3526 1275 3594 (dc
1287 3527 1339 3581 ius.
1349 3525 1445 3595 Mart.)
1458 3525 1569 3598 legibus
1586 3544 1619 3582 ac
1636 3526 1691 3583 iuri
1704 3530 1798 3599 portct

813 3616 972 3688 ¹(importat
986 3615 1079 3684 llam)
1097 3613 1241 3681 iniuriam,
1263 3613 1402 3671 abolitum
1426 3613 1584 3687 extirpetur
1601 3615 1735 3684 (abolitos
1752 3633 1798 3672 er·

815 3703 915 3776 ‘tirpos
929 3704 1034 3773 Mart).

677 3811 701 3864 9.
721 3806 889 3880 [Gregorius
906 3807 1037 3863 Ianuario
1057 3806 1189 3877 episcopo
1213 3805 1386 3861 Calaritnno.
1422 3806 1565 3877 lmperiali
1590 3806 1793 3863 constitutione
1862 3804 2014 3877 Gregorius
2046 3821 2091 3875 ep.

814 3895 922 3965 ‘aperte
947 3892 1088 3949 sancitum
1106 3896 1162 3957 est,
1190 3894 1223 3947 ut
1241 3910 1288 3957 ca,
1315 3911 1388 3963 quac
1414 3896 1512 3948 contra
1535 3893 1611 3965 loges
1633 3894 1715 3959 liunt,
1742 3911 1797 3949 uon
1866 3892 1953 3956 alsa
1971 3908 2005 3947 ex
2024 3890 2091 3946 lust.

813 3980 913 4036 ‘solnm
932 3978 1058 4044 inutilia,
1081 3977 1234 4035 sedetiam
1252 3996 1303 4050 pro
1321 3977 1434 4034 iniectis
1452 3979 1582 4035 habenda
1600 3977 1677 4051 sint]
1871 3977 1971 4043 1,14,5

661 4089 701 4145 10.
718 4087 758 4144 'ct
775 4084 875 4143 bcatue
893 4084 1021 4141 (talasius
1039 4083 1092 4140 ait:

815 4171 894 4237 ‘Quis
911 4170 985 4226 enim
1003 4175 1054 4227 aut
1071 4171 1148 4242 leges
1166 4168 1326 4240 principum
1344 4171 1395 4224 aut
1412 4174 1525 4240 patrum
1543 4169 1656 4241 regulas
1678 4172 1729 4225 aut
1751 4169 1800 4224 aul·

815 4254 993 4313 ‘monitiones
1016 4255 1162 4310 modernas
1184 4253 1262 4309 dicat
1286 4254 1384 4321 (ducat
1400 4254 1499 4321 Mart.)
1524 4255 1625 4311 debers
1647 4254 1797 4319 contemni,

815 4340 879 4397 ‘nisi
892 4339 940 4409 qni
953 4339 1122 4409 impunitum
1135 4338 1190 4394 sibi
1203 4340 1314 4395 tuntum
1327 4337 1459 4394 aestimet
1471 4338 1589 4395 transire
1603 4338 1799 4394 commissum?

664 4449 703 4503 ll.
720 4447 760 4502 ‘ot
778 4445 891 4499 iterum:

817 4527 942 4597 ‘Semper
959 4524 1125 4582 constitutio
1143 4526 1260 4596 generat
1277 4525 1417 4579 temerata
1436 4523 1598 4579 vindictam.

666 4633 705 4690 12.
722 4631 818 4688 ‘Vides
833 4649 908 4702 crgo,
921 4627 961 4684 lili
975 4627 1125 4693 carissime,
1139 4627 1207 4696 quia
1219 4626 1293 4696 quod
1306 4628 1404 4682 contra
1417 4626 1493 4697 logos
1506 4644 1622 4695 usquam
1634 4634 1695 4695 (ora
1705 4627 1802 4695 Mart.)

817 4716 923 4789 ‘agitur
941 4715 1091 4787 (accipitur
1104 4715 1207 4784 Mart),
1227 4731 1276 4786 per
1294 4713 1371 4786 lcgcs
1389 4711 1504 4769 dissolvi
1522 4716 1651 4770 merctur.

666 4827 705 4882 13.
724 4826 814 4896 sltem
833 4824 916 4895 longe
934 4821 1063 4880 inferius:

816 4909 863 4966 ‘ltt
891 4909 971 4966 iustu
995 4910 1069 4980 quod
1092 4909 1171 4966 Felix
1196 4909 1390 4966 sanctissimus
1415 4909 1610 4981 praedecessor
1635 4910 1729 4964 noster
1754 4907 1801 4963 ad-

818 4998 947 5063 ¹severat,
965 4996 994 5052 in
1011 4994 1056 5052 dic
1074 4996 1173 5053 iudicii
1192 4997 1278 5054 telem
1296 5014 1314 5052 a
1332 4995 1412 5053 nobie
1430 4997 1566 5052 ambobus
1584 4994 1733 5053 ecclcsiom
1746 5013 1802 5051 ccr-

818 5085 887 5139 ‘tum
905 5085 956 5150 est,
975 5083 1087 5154 qualem
1106 5101 1123 5139 a
1141 5083 1271 5154 patribus
1289 5082 1458 5155 accepimus,
1475 5081 1620 5154 erigenda

667 5192 707 5247 14.
724 5188 829 5246 ‘Etiam
847 5187 876 5244 in
895 5189 949 5244 hac
968 5188 1028 5246 rita
1045 5208 1075 5246 se
1093 5188 1130 5245 ad
1147 5206 1210 5246 eam
1229 5187 1370 5260 pertinere
1388 5189 1551 5260 cognoscat,
1572 5187 1620 5259 qni
1640 5205 1694 5244 non
1712 5187 1803 5243 solum

819 5274 973 5347 ‘plenitura
990 5276 1050 5332 eins
1067 5275 1152 5331 noxia
1165 5280 1283 5331 conatur
1295 5274 1405 5340 inferre,
1425 5294 1518 5332 verum
1538 5275 1624 5331 etiam
1643 5273 1693 5344 qui
1711 5273 1802 5330 eidem

819 5362 1014 5434 ‘congruentia
1026 5360 1186 5419 dissimulat
1204 5361 1360 5434 providere,
1378 5361 1552 5419 serenissimo
1571 5360 1725 5432 imperator
1738 5364 1803 5428 (nou

819 5450 919 5508 ‘solum
937 5448 987 5522 qui
1005 5469 1030 5507 n.
1047 5449 1064 5506 i.
1083 5468 1106 5507 c.
1124 5469 1149 5507 n.
1162 5453 1200 5509 ct
1213 5469 1240 5522 q.
1258 5468 1351 5525 congr.
1371 5468 1411 5522 pr.
1431 5448 1495 5506 uliss.
1518 5449 1614 5522 repetit
1632 5450 1744 5520 Mart),
1766 5445 1804 5504 ad
