5250 6350
1277 634 1483 692 -XIII-

743 789 954 847 Theodosium
976 793 1088 847 constat
1111 807 1145 846 ex
1167 788 1248 845 libris
1271 789 1405 856 sedecim,
1429 790 1534 864 singuli
1557 791 1625 848 libri
1648 809 1683 849 ex
1706 797 1783 850 certo
1806 810 1920 851 numero
1944 791 2101 860 titulorum,

655 876 757 934 titulus
779 894 812 932 ex
838 879 914 934 certo
936 894 1050 933 numero
1068 874 1309 932 constitutionum.
1345 874 1436 933 Tituli
1459 878 1596 935 vocabulo
1622 882 1655 936 ut
1676 878 1737 950 ipse
1756 878 1844 936 'l'heo
1967 935 1973 949 ,

655 962 750 1021 dorius
766 961 872 1035 passim
889 963 981 1019 utitur
990 960 1025 1031 (1,
1037 964 1060 1028 1,
1070 962 1086 1017 5
1095 990 1129 1003 —-
1140 963 1163 1027 1,
1174 962 1197 1028 1,
1208 962 1224 1017 d
1235 991 1267 1002 -
1277 966 1360 1034 gesta
1378 980 1401 1018 c.
1412 962 1430 1017 4
1442 965 1514 1034 cet),
1532 963 1575 1020 ita
1591 963 1620 1020 iu
1638 963 1761 1036 corporis
1774 965 1845 1021 ordi·
1891 896 1897 1101 1
1905 934 2102 1055 compngit„

655 1049 769 1106 natione
792 1048 823 1104 id
841 1066 896 1105 nou
913 1047 1054 1120 reperitur
1071 1051 1138 1104 ante
1155 1033 1282 1103 rubricas
1306 1047 1336 1102 in
1361 1048 1420 1104 ullo
1438 1066 1472 1106 ex
1489 1048 1592 1105 uostris
1613 1049 1693 1106 libris
1713 1050 1845 1120 TRVW,

655 1134 794 1207 reperitur
815 1133 845 1189 in
867 1132 1150 1205 superscriptionibus
1172 1133 1210 1188 ad
1234 1150 1310 1188 cranr
1332 1132 1454 1205 paginae
1477 1133 1647 1206 superiorem
1665 1134 1801 1192 librorum
1822 1136 1878 1192 TV
1896 1136 1926 1192 in
1949 1136 2000 1195 illo
2015 1127 2050 1204 V,
2074 1138 2103 1194 in

655 1222 710 1279 hoc
728 1220 754 1277 a
771 1221 816 1292 (--·
827 1220 947 1290 rubr-icc)
964 1223 1098 1291 sequente
1115 1218 1145 1275 iu
1164 1222 1281 1291 utroque
1300 1236 1422 1276 numero.
1453 1220 1593 1278 Breviarii
1610 1239 1720 1292 quoque
1738 1221 1806 1279 libri
1826 1223 1993 1282 vetustIores
2011 1224 2109 1280 ΗΡΜ

656 1307 749 1366 titulis
767 1325 895 1365 numeros
912 1305 986 1364 solos
1000 1304 1202 1378 praescribunt,
1221 1304 1274 1361 uisi
1287 1306 1362 1377 quod
1380 1324 1435 1364 uno
1452 1306 1515 1364 loco
1533 1307 1581 1363 14
1599 1306 1644 1365 tit
1658 1308 1701 1373 21,
1718 1308 1768 1365 uhi
1782 1308 1816 1365 Ii
1830 1314 1942 1382 praeter
1960 1316 2104 1369 consuetu·

657 1395 750 1453 dinem
771 1394 801 1450 in
818 1392 911 1451 medio
929 1411 1008 1451 versu
1028 1391 1169 1448 rubricam
1187 1390 1302 1462 incipit,
1326 1391 1353 1450 ei
1375 1392 1557 1465 praescripsit
1574 1395 1607 1449 K
1620 1395 1667 1462 (=
1679 1393 1803 1465 leuprstl).
1822 1424 1855 1437 -
1872 1396 1991 1469 Singula
2007 1397 2105 1470 capita

657 1482 735 1540 dicta
757 1500 816 1541 esse
840 1480 1044 1536 constitutiones
1071 1478 1187 1534 dubium
1213 1481 1347 1542 nonest,
1374 1495 1544 1549 quamquam
1568 1481 1598 1535 in
1621 1479 1891 1551 praescriptionibus
1916 1481 1946 1537 id
1967 1501 2104 1553 nusqrmn

657 1566 769 1639 legitur.
805 1566 861 1623 Len
879 1563 1108 1636 Burgundionum
1126 1564 1253 1620 Romana
1272 1562 1322 1620 nbi
1340 1552 1565 1621 Theodosianum
1584 1564 1668 1630 citat,
1692 1566 1790 1637 capita
1807 1570 1979 1633 constanter,
2002 1572 2035 1624 ιιι
2056 1586 2106 1624 nos

576 1648 577 1652 ’
657 1650 862 1714 consuevimus,
884 1651 953 1721 teges
975 1649 1114 1720 appellat,
1133 1666 1197 1705 cum
1220 1648 1248 1703 in
1267 1648 1439 1720 Gregoriano
1457 1652 1487 1705 et
1505 1648 1729 1722 hermogeniano
1748 1650 1869 1706 citandis
1886 1652 2106 1707 constitutionum

658 1735 825 1791 vocabulum
843 1734 1009 1804 praevaleat
1027 1735 1145 1801 (14‚1,7
1163 1733 1198 1787 ci.
1216 1732 1248 1797 3,·
1254 1733 1290 1797 2).

743 1833 849 1891 Titulis
865 1834 972 1890 numeri
986 1833 1033 1890 vix
1051 1833 1219 1905 praescripti
1237 1835 1351 1890 luerunt
1368 1833 1397 1889 in
1410 1834 1577 1905 archetypo:
1595 1851 1661 1889 narn
1679 1834 1765 1891 codex
1781 1833 1863 1890 Veos
1879 1853 2007 1892 numeros
2018 1836 2107 1894 hahet

657 1921 687 1976 iu
705 1921 723 1976 1.
736 1919 811 1976 Xlll.
830 1919 920 1974 XIIII.
938 1919 989 1973 XV
1008 1919 1045 1974 ah
1064 1918 1241 1976 emendatore
1265 1918 1405 1983 adiectos,
1427 1918 1456 1973 iu
1473 1918 1492 1973 1.
1504 1919 1570 1974 XVI
1587 1919 1680 1974 nullos
1698 1920 1728 1975 et
1745 1919 1847 1974 desunt
1868 1918 1956 1976 etiam
1977 1919 2025 1977 hic
2045 1921 2107 1978 illic

658 2007 687 2062 in
702 2006 745 2061 W.
782 2004 973 2061 (lromaticum
991 2022 1091 2075 corpus
1108 2006 1145 2075 (p.
1158 2004 1221 2073 237)
1238 2002 1313 2060 ιίιιι
1331 2021 1365 2060 ex
1382 2003 1498 2059 mado
1514 2003 1580 2058 lrhro
1597 2005 1675 2059 tituto
1694 2004 1793 2071 ιιιιιιιιιι
1808 2004 1999 2075 regundorum.
2035 2007 2107 2064 Item

657 2094 703 2151 lex
721 2094 847 2149 Romana
863 2089 1093 2163 Burgundionum
1111 2089 1140 2145 in
1161 2088 1327 2162 adlegandis
1346 2089 1535 2147 Theodosiani
1554 2089 1647 2165 titulis
1665 2089 1830 2161 plerumque
1852 2091 1994 2148 rubricam
2016 2092 2105 2165 ponit,

657 2197 712 2236 uno
730 2177 789 2235 solo
806 2179 869 2235 loco
887 2178 922 2247 (1,
934 2178 963 2248 3)
985 2194 1137 2234 numerum.
1172 2176 1195 2231 Ε
1216 2174 1356 2233 contrario
1377 2175 1485 2233 numeri
1509 2178 1670 2233 constanter
1687 2176 1856 2248 praescripti
1879 2181 1945 2235 sunt
1966 2178 1996 2234 iu
2016 2179 2107 2250 Vpsr

658 2263 744 2322 libros
757 2261 936 2320 Vllll-XII
958 2279 977 2318 a
997 2279 1081 2318 mauu
1106 2260 1198 2333 prima
1223 2264 1253 2319 ιι
1276 2260 1376 2317 ubiubi
1401 2262 1505 2318 adsunt
1527 2261 1556 2317 in
1577 2261 1637 2318 BT.
1673 2260 1797 2319 'l'heudis
1821 2279 1870 2319 rex
1883 2262 2106 2337 wisigothorum

658 2350 750 2422 legem
768 2366 846 2405 suam
864 2348 899 2405 de
916 2348 1010 2404 litium
1029 2346 1157 2419 expensis
1175 2346 1259 2404 inseri
1276 2346 1357 2405 iuhet
1374 2346 1458 2403 huius
1476 2347 1548 2419 legis
1568 2348 1635 2402 labro
1652 2352 1747 2417 orsum
1760 2348 1904 2404 subtituto
1922 2349 2004 2406 XVI.

746 2450 967 2509 Constitutioues
985 2468 1036 2522 per
1046 2448 1146 2505 titulos
1163 2468 1217 2504 non
1236 2451 1418 2507 numerantur
1436 2448 1466 2505 in
1478 2449 1514 2516 R,
1535 2453 1716 2506 numerantur
1734 2449 1765 2504 in
1779 2449 1996 2522 Wplerumqns,
2015 2450 2043 2506 in
2061 2452 2106 2507 VI

659 2543 689 2597 ct
705 2536 947 2597 Halherstadienai
969 2537 1137 2593 constanter.
1173 2536 1212 2591 m
1229 2533 1333 2593 aruisse
1351 2552 1398 2592 eor
1419 2552 1547 2591 numeros
1573 2536 1610 2593 ab
1633 2534 1787 2607 exemplari
1804 2535 1993 2594 Theodosiani
2016 2556 2035 2593 a
2052 2555 2108 2608 quo

660 2626 764 2700 pendet
782 2624 910 2691 codexV,
931 2623 996 2682 iuda
1014 2621 1172 2697 colligitur,
1191 2621 1265 2694 qnod
1283 2621 1333 2679 ubi
1351 2620 1376 2679 is
1393 2621 1457 2679 hiat
1475 2624 1520 2691 (ut
1538 2623 1657 2690 14,11,2
1676 2626 1706 2681 et
1725 2623 1765 2690 13,
1774 2623 1837 2695 td)
1855 2622 1963 2681 numeri
1981 2623 2109 2682 hiatibus

660 2712 760 2771 celatis
778 2712 987 2775 continuantur;
1010 2709 1079 2767 Item
1096 2708 1133 2766 ah
1150 2726 1198 2775 eo,
1220 2708 1257 2765 ad
1274 2709 1349 2779 quod
1367 2709 1412 2766 lan
1431 2709 1557 2765 Romana
1574 2709 1803 2782 Burgundionum
1821 2711 1942 2768 formata
1960 2713 2019 2777 est,
2043 2710 2108 2768 iude

659 2798 845 2872 intellegitur,
863 2798 939 2869 quod
956 2796 986 2852 in
1004 2794 1098 2868 capite
1115 2794 1229 2853 citando
1240 2794 1279 2865 (id
1293 2796 1369 2866 quod
1380 2795 1544 2854 enuntiatur
1557 2799 1718 2854 constanter
1731 2816 1818 2869 usque
1836 2799 1873 2855 ad
1891 2798 1937 2855 tit
1949 2799 1989 2864 14,
2008 2801 2109 2871 postea

660 2886 745 2943 semel
763 2888 873 2943 tanturn
885 2885 927 2949 22,
939 2885 967 2952 3)
984 2883 1075 2939 utitur
1091 2882 1253 2938 nominihus
1271 2882 1472 2953 imperatorum
1485 2883 1530 2939 vel
1548 2883 1774 2955 magistratuum.
1805 2885 1905 2955 Itaque
1917 2884 2035 2940 dubium
2052 2902 2108 2941 non

660 2971 704 3025 est
720 2986 768 3026 eos
785 2987 913 3026 numeros
930 2988 949 3025 a
960 2968 1085 3025 librariis
1097 2967 1243 3041 proficisci.
1270 2967 1427 3025 Secundum
1440 2986 1569 3026 numeros
1581 2968 1798 3027 constitutiones
1812 2969 1937 3027 citantur
1953 2969 1982 3025 in
1994 2969 2109 3027 scholiis

660 3054 807 3112 sinaiticis
818 3058 890 3123 (chr
909 3055 940 3109 ἐν
959 3057 997 3126 spi
1013 3051 1040 3123 γ’
1058 3054 1150 3125 βιβλίῳ
1168 3056 1218 3108 rori
1229 3054 1412 3109 Θιιδοσιανιιῖ
1428 3053 1542 3114 scidascc
1561 3053 1639 3125 τίτιῳ
1657 3053 1690 3109 ιε’
1706 3055 1725 3123 ἦ
1742 3050 1776 3109 ιε’
1794 3057 1843 3108 τοῦ
1860 3054 1950 3109 τιτλοιι
1968 3054 2107 3125 διάταξις).

747 3155 878 3213 Ordinem
895 3176 994 3222 rerum,
1012 3156 1164 3214 secundum
1176 3173 1259 3225 quem
1277 3155 1492 3213 courtItutiones
1504 3154 1657 3226 dispositae
1675 3160 1748 3221 suut,
1767 3156 1868 3212 tabula
1884 3156 2012 3215 declarat
2023 3173 2108 3227 quam

661 3239 776 3297 auhteci.
807 3241 900 3297 Primo
919 3241 1015 3298 ordine
1032 3241 1069 3297 ad
1086 3241 1173 3296 libros
1190 3241 1303 3295 I-IlII
1322 3240 1468 3312 adscripta
1485 3243 1550 3297 suut
1568 3258 1640 3309 quae
1658 3239 1777 3296 rubricis
1790 3240 1981 3298 'I'hecdcsiaui
1998 3258 2109 3311 respon·

662 3326 729 3383 dent
747 3325 844 3399 capita
861 3326 948 3384 edicti
967 3325 1104 3400 praetoris
1122 3325 1232 3392 urbani,
1250 3326 1325 3396 quod
1343 3324 1399 3382 ism
1411 3326 1547 3382 habemus
1560 3325 1764 3397 quodammodo
1774 3325 1932 3383 redivivum
1949 3324 1979 3381 iu
1994 3325 2110 3399 egregio

661 3430 745 3483 opere
757 3413 872 3481 Lenelii,
891 3415 927 3471 ad
940 3414 1105 3472 hanelianos
1125 3412 1223 3471 titulos
1240 3412 1402 3487 capitaque.
1432 3413 1574 3471 Secundus
1591 3412 1658 3470 ordo
1675 3413 1720 3469 sel
1738 3411 1803 3470 inde
1821 3431 1840 3470 a
1856 3413 1875 3470 1.
1886 3412 1912 3467 V
1924 3412 2031 3486 primus
2048 3430 2110 3470 cou-

663 3498 825 3559 stitutiones
842 3500 950 3559 indicat
965 3520 999 3559 ex
1011 3500 1183 3575 Gregorianc
1201 3499 1289 3568 (edito
1309 3500 1410 3573 opinor
1427 3519 1452 3557 a
1465 3502 1528 3569 235)
1545 3501 1699 3557 translatas
1715 3499 1744 3556 in
1761 3498 1954 3567 Iustinianum,
1972 3505 2111 3571 quatenns

664 3586 795 3659 leguntur
807 3586 848 3645 ibi
862 3589 913 3645 suh
926 3588 1044 3645 rubricis
1056 3607 1128 3659 quae
1140 3586 1343 3645 'theodosianis
1354 3587 1531 3659 respondent
1563 3587 1638 3644 Ordo
1649 3586 1699 3659 qui
1711 3587 1845 3659 sequitur,
1861 3588 1898 3644 ad
1909 3605 1993 3657 quem
2009 3585 2112 3656 reliqui

575 3723 582 3737 ,
664 3671 787 3730 ordinati
800 3678 873 3739 suut,
891 3673 972 3731 nobis
983 3678 1028 3731 eet
1039 3674 1196 3746 primarius,
1214 3673 1326 3730 scilicet
1337 3673 1473 3730 exhibens
1486 3673 1673 3730 Theodosiaui
1685 3673 1811 3729 rubricas
1822 3672 1871 3728 hic
1883 3672 1945 3728 illic
1958 3672 2111 3729 breviatas

664 3759 811 3814 Extremus
829 3758 949 3828 denique
966 3761 1161 3830 repraesentat
1172 3757 1298 3814 rubricas
1310 3757 1461 3813 Iustiniani
1478 3759 1607 3815 redactas
1619 3757 1656 3813 ad
1668 3756 1856 3814 Theodosiani
1868 3756 2005 3821 ordinem
2026 3757 2113 3813 verba

665 3841 714 3985 rvrhli
727 3842 1001 3985 &mistim
1017 3842 1210 3908 indicavimus,
1229 3841 1346 3911 reliquis
1357 3844 1454 3898 notam
1466 3841 1649 3915 apposuimus
1661 3841 1867 3914 significantem
1883 3859 1918 3898 ea
1935 3842 2034 3898 eadem
2051 3858 2111 3897 esse

712 4315 877 4373 EDlCTVM
962 4313 1224 4373 GREGORIANVS
1328 4311 1608 4370 Tuaouosmavs
1789 4307 2028 4365 IVSTINIANVS

1117 4447 1366 4505 Turonoslem
1390 4446 1499 4502 claua
1521 4445 1658 4503 PRIMVS

1278 4568 1291 4624 1
1311 4567 1346 4625 (ιι
1382 4564 1631 4623 constitutionibus
1701 4567 1768 4632 1,14
1787 4567 1820 4623 de
1839 4565 1951 4638 legibus
1969 4569 1999 4623 ιι
2013 4566 2115 4623 consti·

1312 4653 1472 4728 principum
1490 4656 1520 4711 ct
1537 4653 1639 4712 edictis
1752 4651 1910 4711 tutioribus
1955 4651 2114 4725 principum

1752 4744 1783 4798 et
1800 4739 1901 4798 edictis

952 4835 1019 4889 lust.
1033 4834 1176 4899 1,13,1-
1279 4831 1348 4887 Vde
1367 4826 1483 4883 disemis
1502 4827 1646 4898 rescriptis
1704 4826 1770 4893 1,23
1788 4825 1952 4882 dediversis
1969 4825 2116 4895 rescriptis

988 4921 1011 4985 l,
1020 4920 1062 4984 21,
1074 4918 1131 4988 1(1)
1143 4948 1175 4959 ·-
1753 4913 1784 4967 et
1796 4909 1981 4983 pragmaticis
1994 4909 2115 4967 sanctio·

989 5004 1162 5069 1,22,1.2-
1754 4995 1837 5051 uibus

989 5088 1144 5155 1,23,1-3

1282 5171 1299 5226 3
1317 5169 1505 5227 demandatis
1519 5169 1677 5241 principum
1706 5166 1772 5230 1,15
1791 5189 1824 5213 =

1281 5257 1352 5311 lde
1387 5254 1527 5326 responsis
1560 5254 1678 5325 pruden-
1706 5253 1774 5318 1,17
1792 5251 1826 5305 de
1851 5250 1940 5306 veteri
1967 5248 2026 5305 iure
2053 5267 2117 5305 cnu-

1319 5340 1390 5397 tium
1757 5336 1874 5392 cleaudo
1896 5337 1926 5390 et
1948 5332 2119 5389 auctoritate

1758 5420 1829 5480 iuris
1846 5419 2026 5492 prudentium
2044 5423 2090 5474 ιιι.
