5250 6350
1259 759 1778 824 GnmomAst

1210 1259 1347 1317 lust.
1368 1259 1448 1326 10.
1473 1259 1552 1326 10,
1576 1259 1600 1315 1

1210 1451 1346 1507 Iust.
1367 1451 1448 1518 10,
1475 1453 1551 1520 11,
1577 1451 1707 1508 1-4

1214 4053 1348 4110 lust.
1374 4051 1453 4118 10,
1477 4051 1557 4118 16,
1580 4051 1714 4108 1-3

1215 4224 1351 4282 Iust.
1368 4224 1420 4291 4,
1436 4224 1523 4290 4Ἷ,
1546 4226 1571 4280 l

2440 646 2507 662 —-
2579 612 2768 678 xxm
2837 650 2905 665 -

2227 772 2792 832 THEODOSIANVS
3411 774 3888 837 lvswmumvs

1914 888 1947 944 5
1983 889 2081 958 qui
2134 892 2496 949 conductores
2547 895 2629 953 rei
2682 898 2943 967 privatae
2996 895 3123 953 flde-

1988 975 2221 1032 inas-area
2260 979 2409 1052 exigi
2448 999 2553 1036 riou
2592 983 2801 1040 dehent

1916 1060 1949 1113 6
1985 1059 2055 1116 de
2087 1079 2260 1131 grege
2300 1063 2577 1119 dominico
3184 1086 3353 1152 11⁹7ss
3390 1108 3456 1133 =

1917 1144 1950 1198 7
1987 1144 2055 1201 de
2092 1148 2445 1204 Uaeflariunis

1919 1229 1955 1286 8
1989 1230 2058 1288 de
2096 1231 2253 1288 honis
2296 1235 2629 1292 uncant-ihus
3164 1246 3182 1330 0
3215 1256 3296 1324 10,
3316 1257 3382 1314 10
3413 1257 3483 1315 de
3507 1257 3668 1316 boni,
3694 1257 4027 1315 vmntibug
4053 1262 4114 1316 οι

1823 1296 1839 1378 i
1916 1317 1950 1374 9
1988 1318 2056 1375 de
2096 1319 2541 1393 illssssfpfimtifllffl
3164 1334 3182 1405 ς
3213 1375 3219 1383 .
3318 1344 3385 1404 (¹0
3421 1344 3870 1419 incorporatione

1888 1459 1952 1513 10
1987 1457 2055 1514 de
2103 1459 2478 1531 petitionibus
2526 1465 2586 1518 et
2626 1462 2778 1519 ultro
2823 1463 2975 1520 datia
3014 1468 3074 1522 et
3179 1430 3261 1499 ¹⁰²
3286 1431 3345 1487 ¹¹
3386 1431 3455 1490 ‘¹⁰
3493 1432 3838 1532 ‘¹⁹¹⁸P‘Z‘5bP

1988 1542 2335 1602 delatoribus
3179 1516 3346 1582 10,12
3395 1516 3464 1574 de
3513 1519 3889 1589 petitionibus
3943 1518 4109 1575 bono-

3280 1620 3406 1658 rum
3438 1603 3680 1659 sublatis

1888 1679 1946 1733 11
1986 1679 2056 1735 de
2092 1678 2182 1735 bis
2215 1680 2315 1751 qui
2352 1700 2410 1739 se
2446 1681 2705 1740 deserunt
3181 1686 3262 1753 10,
3285 1687 3350 1743 13
3389 1710 3454 1736 ==

1887 1762 1950 1817 12
1985 1763 2033 1819 si
2071 1782 2277 1837 vagum
2312 1770 2547 1839 petatur
2579 1766 2925 1839 mancipium

1886 1847 1952 1901 13
1990 1848 2055 1903 de
2092 1850 2431 1920 petitoribus
2468 1856 2529 1909 et
2563 1853 2967 1910 desistentibus

1887 1932 1952 1985 14
1987 1932 2035 1987 si
2073 1934 2366 2004 petitionis
2401 1937 2584 1994 socius
2627 1938 2748 1994 sine
2793 1938 2997 1995 herede
3033 1939 3125 1996 de·
3180 1938 3260 2006 10,
3283 1938 3348 1994 14
3383 1940 3431 1995 si
3454 1940 3824 1999 liberalitatis
3849 1944 4108 2019 imperis-

1987 2019 2185 2077 secerit
3280 2024 3351 2080 lis
3386 2025 3572 2083 socius
3607 2045 3648 2083 s.
3674 2029 3730 2085 b.
3757 2030 3809 2085 d.

1887 2106 1951 2160 15
1986 2106 2056 2162 de
2092 2106 2369 2162 advocato
2405 2107 2524 2163 fisci
3176 2111 3280 2177 2,3
3318 2136 3383 2159 =

1887 2192 1951 2245 16
1987 2190 2056 2249 de
2091 2192 2210 2248 fisci
2247 2191 2598 2250 debitoribus
3180 2198 3261 2265 10,
3278 2200 3313 2254 2
3349 2199 3418 2255 de
3443 2200 3836 2258 conueniendis
3864 2204 3981 2260 fisci
4015 2205 4103 2263 de-

3281 2284 3559 2342 bitoribus

1887 2363 1950 2416 17
1989 2354 2199 2418 de‘flde
2235 2365 2295 2420 et
2331 2363 2448 2421 iure
2484 2365 2685 2422 hastae
3182 2370 3315 2438 10,3
3351 2371 3420 2428 de
3469 2371 3576 2429 fide
3627 2377 3688 2431 et
3735 2373 3856 2431 iure
3907 2375 4106 2435 hastae

3280 2455 3486 2512 fiscalis
3513 2461 3572 2514 et
3594 2457 3665 2514 de
3692 2458 4107 2517 adiectionibus

1886 2534 1951 2589 18
1986 2533 2056 2589 de
2093 2534 2369 2590 thesauris
3182 2540 3262 2609 10,
3287 2542 3351 2598 15
3388 2565 3453 2589 =

1888 2619 1950 2675 19
1987 2618 2056 2676 de
2091 2618 2340 2677 metallis
2375 2621 2435 2676 et
2468 2620 2805 2678 metallariis
3180 2628 3309 2693 11,7
3334 2627 3404 2683 de
3428 2627 3762 2683 metallarii·
3785 2630 3845 2685 et
3861 2630 4110 2686 metallis

3282 2714 3342 2767 et
3366 2711 3824 2783 procuratoribus
3856 2715 4107 2771 metallo·

1882 2872 1952 2928 20
1988 2872 2056 2929 de
2109 2871 2462 2945 murilegulis
2513 2877 2573 2932 et
2623 2874 3012 2949 gynseooariis
3064 2877 3125 2932 et
3181 2815 3418 2949 11,ae

1991 2959 2313 3016 monetariis
2352 2962 2409 3016 et
2444 2963 2785 3036 {magmis

1884 3044 1946 3098 21
1986 3043 2055 3099 de
2096 3046 2343 3100 ventumst
2380 3047 2661 3104 huin-reris
2697 3050 2757 3105 et
2791 3049 3010 3106 auratis
3181 3051 3315 3118 11,9
3353 3074 3418 3100 ==

1883 3128 1952 3184 22
1989 3129 2056 3187 de
2096 3131 2497 3188 fabricenaihus
3182 3132 3263 3204 11,
3289 3136 3353 3194 10
3388 3160 3455 3186 ==

1882 3214 1953 3270 23
1988 3215 2056 3272 de
2094 3215 2344 3272 classicis
3184 3224 3263 3291 11,
3287 3224 3350 3281 13
3388 3247 3454 3272 =

1882 3300 1952 3356 24
1987 3299 2056 3357 de
2102 3300 2194 3357 his
2243 3301 2341 3373 qui
2390 3321 2518 3360 cum
2563 3305 2947 3378 dispensatore
2995 3327 3123 3368 cou-
3184 3308 3313 3375 10,6
3350 3309 3421 3367 de
3461 3308 3552 3365 his
3596 3307 3695 3380 qui
3746 3325 3814 3364 ex
3862 3309 4111 3381 publicis

1989 3390 2279 3446 &exerunt
3281 3392 3596 3453 rationibus
3641 3397 3896 3453 mutuum
3946 3414 4109 3470 pecu-

3282 3481 3437 3539 niam
3472 3487 3814 3556 acceperunt

1883 3563 1952 3617 25
1988 3560 2057 3618 de
2093 3561 2410 3636 privilegiis
2448 3564 2642 3622 domus
2680 3569 2968 3640 Augustae
3183 3569 3262 3635 11,
3284 3571 3351 3626 75
3387 3593 3455 3618 =

1884 3647 1953 3701 26
1988 3647 2058 3702 de
2093 3648 2524 3705 conductoribus
2572 3656 2632 3708 et
2678 3652 3001 3711 homiuibus
3033 3656 3125 3712 do·
3184 3657 3262 3721 11,
3283 3656 3351 3710 72
3387 3655 3457 3713 de
3494 3673 3539 3711 c.
3565 3660 3625 3713 et
3654 3655 4111 3726 procuratoribus

1989 3751 2112 3789 mus
2147 3734 2435 3804 Augustae
3283 3739 3401 3795 sive
3436 3739 3724 3796 actoribus
3756 3739 4109 3811 praediorum

3284 3823 3560 3879 fiscalium
3594 3825 3656 3880 et
3691 3824 3742 3878 d.
3769 3825 3835 3878 A.

2051 3949 2546 4010 THEODOSIANI
2590 3956 2809 4013 mmm
2845 3957 3274 4016 vnnncmvs

1922 4052 1946 4106 1
1987 4051 2056 4109 de
2091 4070 2311 4110 annona
2348 4059 2405 4112 et
2444 4055 2673 4112 tributis
3180 4061 3261 4128 10,
3285 4061 3350 4117 16
3388 4084 3452 4109 --

1917 4138 1951 4191 2
1988 4136 2206 4196 tributa
2241 4138 2301 4196 iu
2340 4138 2477 4212 ipsiu
2511 4143 2805 4212 speciebus·
2843 4144 3034 4203 inferri

1919 4222 1953 4278 3
1988 4223 2107 4280 siue
2144 4242 2309 4282 ceusu
2337 4226 2425 4283 vel
2464 4227 2695 4298 reliquis
2730 4231 2961 4288 fundum
2998 4250 3123 4289 con·
3175 4233 3227 4299 4,
3245 4233 3313 4289 47
3352 4255 3417 4280 =

1987 4309 2177 4379 parari
2218 4328 2327 4366 nou
2364 4328 2526 4381 posse

1915 4392 1951 4447 4
1986 4410 2057 4449 ne
2081 4395 2328 4451 conlatio
2347 4414 2448 4466 per
2464 4397 2787 4471 logogrusos
2809 4401 3124 4459 celebretur

1918 4477 1952 4530 5
1987 4477 2057 4532 de
2096 4479 2493 4536 indictionibus
2836 4516 2846 4522 ·
3183 4490 3261 4556 10,
3284 4490 3349 4545 17
3388 4512 3453 4537 ==

1919 4562 1952 4615 6
1989 4561 2057 4618 de
2096 4562 2473 4636 superindicta
3180 4576 3261 4642 10,
3285 4575 3350 4632 18
3386 4597 3452 4623 ==

1919 4647 1950 4702 ‘1
1987 4647 2057 4707 de
2096 4651 2481 4708 exactionibus·
3181 4663 3349 4733 10,19
3384 4662 3454 4721 de
3499 4661 3889 4725 exactionibus
3933 4661 4107 4722 tribu·

3281 4754 3467 4810 torum

1918 4825 1953 4882 8
1988 4827 2056 4885 de
2092 4831 2649 4900 superexactionibus
3181 4840 3350 4907 10,20
3386 4864 3453 4890 =

1918 4914 1953 4970 9
1989 4914 2058 4972 de
2120 4914 2493 4976 distrahendis
2551 4922 2909 4997 pignoribus,
2980 4945 3124 4999 quse
3180 4928 3262 4995 10,
3281 4928 3345 4985 21
3386 4927 3455 4985 de
3489 4928 3780 5001 capiendis
3816 4933 3876 4987 et
3910 4928 4108 4988 distra-

1990 5001 2326 5061 tributorum
2363 5025 2535 5065 causa
2571 5012 2834 5069 tenemur
3279 5014 3480 5072 luendis
3537 5014 3872 5088 pignoribus
3932 5017 4107 5074 tribu-

3284 5104 3467 5158 torum
3504 5119 3675 5159 causa

1887 5175 1952 5229 10
1986 5193 2055 5232 ne
2092 5194 2296 5248 operae
2330 5198 2366 5235 a
2403 5183 2783 5240 conlatoribus
2826 5186 3125 5261 exiguntur
3181 5188 3348 5254 10,24
3388 5211 3453 5236 ==

1887 5258 1945 5312 11
1986 5277 2056 5316 ne
2092 5262 2297 5317 damno.
2330 5267 2773 5334 provincialibus
2796 5272 3125 5343 infligantur

1886 5344 1950 5398 12
1985 5344 2055 5401 de
2090 5345 2448 5406 immunitate
2483 5369 2749 5410 concessu.
3181 5360 3348 5426 10,25
3385 5360 3454 5416 de
3495 5358 3855 5416 immunitate
3902 5359 4109 5415 nemini

3284 5445 3642 5504 eoncedend-
