5250 6350
1151 598 1185 629 ·-
1221 564 1396 645 cocxxvn
1430 603 1465 630 -ι

916 762 955 847 li.
988 777 1206 847 collectiones
1228 778 1391 847 mundano
1414 779 1486 846 usui
1509 772 1700 847 destinatae.

669 886 741 959 luris
759 883 957 959 'collectionum
980 919 1035 958 non
1058 901 1176 973 speciali
1194 902 1332 960 ecclesiae
1355 900 1417 958 usui
1436 900 1652 966 destinatarum.
1675 920 1748 973 qaae
1771 895 1914 961 Breviarie
1937 909 2032 964 nestro
2058 909 2114 964 aa
2130 908 2252 963 amna

582 993 710 1060 utuntur,
727 992 772 1049 ler
791 991 917 1048 Romana
934 990 1074 1048 curiensis
1081 994 1101 1063 ¹)
1119 989 1236 1047 maximi
1253 990 1388 1048 momenti
1407 993 1459 1057 eet,
1476 1007 1549 1059 quae
1567 988 1635 1047 olim
1653 989 1780 1046 Romana
1797 988 1943 1047 Utinensis
1960 991 2033 1050 dice·
2088 978 2225 1033 68111818·

584 1077 676 1141 batur,
695 1094 714 1132 a
724 1076 870 1144 Raenelio,
887 1076 955 1146 quia
972 1078 1027 1133 duo
1044 1076 1168 1134 eiusdem
1187 1076 1296 1132 codices
1313 1075 1397 1132 hodie
1415 1075 1445 1131 iu
1462 1075 1633 1132 monasterio
1650 1075 1828 1147 sangallensi
1845 1082 2032 1144 asservantur,

584 1161 707 1233 epitome
730 1160 826 1218 Sancti
848 1161 925 1218 Galli
946 1160 1114 1218 nominatur.
1154 1160 1232 1233 Opus
1255 1160 1399 1233 privatum
1421 1160 1478 1229 est,
1502 1159 1630 1218 continet
1652 1158 1824 1217 Rreriarium
1847 1161 2033 1233 epitomatum

584 1248 633 1306 sed
656 1266 691 1308 ex
715 1246 776 1308 iure
800 1247 1044 1308 eonnretudinario
1066 1250 1097 1307 ct
1119 1247 1254 1306 clausulis
1278 1247 1393 1322 linguae
1415 1246 1598 1306 Germanicae
1623 1247 1744 1305 multum
1768 1247 1954 1306 emendatum.
1994 1250 2034 1309 Ut

585 1336 726 1408 Zeumer⁸l
745 1335 884 1406 dieseruit,
903 1337 973 1396 tinec
990 1335 1113 1411 epitoma
1132 1336 1187 1394 iarn
1207 1340 1274 1395 aute
1292 1354 1396 1394 aunum
1414 1338 1465 1395 788
1484 1334 1614 1410 partibus
1632 1334 1949 1397 Raeticoeurieusibue
1966 1344 2034 1398 uota

585 1429 655 1489 erat,
671 1424 696 1481 si
715 1425 786 1482 alios
804 1424 953 1496 sequimur,
971 1429 1038 1484 aute
1056 1425 1138 1482 fluam
1157 1424 1264 1483 saeculi
1284 1423 1416 1496 octari⁸),
1435 1427 1510 1481 certe
1527 1425 1640 1482 saeculo
1658 1426 1761 1496 uouo‘)
1779 1423 1884 1484 ibidem
1901 1445 1953 1499 pro
1971 1428 2034 1503 lege

585 1511 744 1568 tenebatur.
774 1511 916 1568 Rabemus
934 1515 991 1568 tres
1009 1512 1119 1568 codices
1137 1512 1262 1584 integros
1279 1510 1364 1567 huius
1381 1510 1455 1584 legis
1472 1516 1503 1569 et
1519 1530 1604 1567 uuum
1616 1511 1812 1583 fragmentum.
1843 1514 1911 1571 ‘hes
1923 1515 2034 1573 codices

586 1596 711 1666 integros
728 1597 887 1653 Zeumerius
911 1598 939 1652 in
963 1597 1087 1653 editione
1110 1597 1183 1668 legis
1207 1596 1365 1666 descripsit.
1401 1597 1524 1659 Quorum
1546 1598 1601 1651 duo
1624 1601 1654 1652 et
1671 1597 1849 1653 Fabariensis
1872 1618 1945 1655 nunc
1967 1600 2033 1655 San-

585 1679 720 1747 gallensis
732 1680 810 1733 XXX
823 1684 853 1734 ct
864 1680 1055 1748 Sarrgnllcnsie
1068 1682 1118 1733 m
1139 1680 1244 1734 sacculi
1263 1680 1329 1734 noni
1347 1680 1455 1749 origine
1470 1680 1587 1734 Raetica
1604 1683 1678 1733 erint
1709 1680 1750 1735 Do
1768 1680 1876 1750 origine
1889 1682 2034 1736 Utineneie

585 1764 672 1815 antea
690 1761 878 1830 Aquileiensis
896 1778 970 1816 nunc
989 1780 1053 1817 vero
1072 1762 1100 1816 in
1118 1761 1294 1817 bibliotheca
1313 1761 1508 1818 univeraitatis
1520 1760 1673 1831 Lipsiensis
1691 1762 1835 1827 asservati,
1854 1764 1903 1832 qni
1921 1768 2034 1821 saeculo

586 1843 661 1912 IXJX
679 1844 802 1915 scriptus
820 1848 870 1909 est,
890 1845 943 1899 viri
961 1845 1037 1901 docti
1050 1845 1228 1902 dissentiunt.
1257 1845 1330 1901 Sunt
1341 1845 1391 1914 qui
1407 1844 1494 1901 etiam
1512 1845 1596 1900 huius
1614 1844 1720 1901 codicis
1737 1844 1874 1917 originem
1887 1847 2034 1906 Baeticam

586 1929 795 2000 contendant¹),
814 1929 865 1986 alii
884 1947 948 1986 vero
967 1949 1030 1986 enm
1048 1930 1077 1985 iu
1091 1930 1177 1987 ltalia
1194 1929 1410 2002 septentrionali
1427 1930 1564 2002 scriptum
1583 1948 1643 1986 esse
1661 1933 1797 2001 putant⁸t
1825 1931 1973 2004 Utcunque
1990 1952 2035 1991 ree

586 2014 653 2081 erit,
671 2014 893 2086 animadvertas,
918 2019 951 2074 ut
969 2015 1083 2074 Zeumer
1100 2015 1297 2086 illustrarit'),
1322 2015 1486 2074 Uticensem
1507 2033 1542 2072 ex
1565 2015 1660 2074 codice
1678 2016 1801 2087 quodam
1821 2016 1889 2074 clim
1908 2018 2033 2087 Raetico,

586 2101 636 2172 qui
654 2102 743 2159 etiam
753 2102 930 2177 Sangallensi
943 2105 995 2160 rea
1011 2105 1182 2176 archetypus
1200 2103 1264 2169 init,
1282 2103 1454 2176 descriptum
1473 2119 1541 2161 esse.
1574 2103 1744 2175 Fragmenta
1761 2103 1845 2160 huius
1862 2104 1944 2177 legis,
1961 2125 2035 2177 quae

587 2187 618 2244 in
641 2188 737 2246 codice
760 2189 951 2248 bibliothecae
968 2190 1171 2248 Ambrosianae
1189 2192 1213 2246 Α
1231 2191 1284 2246 120
1300 2189 1351 2247 inl.
1370 2188 1524 2247 llediolaui
1549 2193 1673 2256 exstant,
1699 2191 1849 2247 llercatius
1874 2210 1948 2248 anuo
1967 2196 2034 2250 1891

587 2276 697 2334 detexit
713 2278 745 2334 et
760 2276 790 2332 in
807 2276 964 2349 appendice
982 2277 1049 2334 libri
1065 2277 1187 2335 Zanettii
1205 2295 1233 2349 p.
1249 2277 1297 2334 1411
1306 2296 1347 2348 sq.
1366 2276 1534 2349 publicarit
1569 2276 1682 2348 Scripta
1699 2279 1765 2333 sunt
1785 2278 1898 2336 saeculo
1916 2279 2034 2348 decimo,

587 2364 621 2417 ut
637 2360 729 2419 editor
748 2361 853 2432 aliique
871 2364 984 2433 putant,
1003 2363 1032 2418 in
1050 2362 1137 2419 ltalia
1154 2362 1381 2435 septentrionali.

674 2446 825 2511 Quaeritur
842 2449 876 2504 de
890 2447 998 2521 origine
1017 2448 1100 2504 liuius
1117 2448 1197 2521 legis.
1226 2447 1370 2519 Schupler,
1388 2446 1493 2518 quique
1511 2464 1574 2504 cum
1592 2450 1755 2517 sequuntur,
1773 2446 1847 2503 hane
1860 2449 2035 2519 compilatio·

589 2550 652 2589 nern
670 2533 700 2589 in
717 2532 804 2589 Italia
821 2533 1037 2605 septentrionali
1056 2538 1147 2592 ortam
1165 2552 1224 2592 esse
1243 2534 1364 2606 indeque
1381 2533 1412 2590 iu
1425 2532 1555 2591 Raetiun
1575 2532 1684 2591 veuime
1702 2535 1846 2605 putant’);
1864 2534 2034 2592 Betbmann·

588 2618 751 2695 llollrregus
769 2621 799 2678 et
817 2623 882 2694 post
898 2638 960 2680 eurn
974 2620 1098 2696 Wagner
1109 2621 1139 2679 iu
1153 2621 1236 2680 lstria
1253 2624 1344 2679 ortam
1361 2638 1420 2680 esse
1433 2620 1566 2694 dicuut⁸),
1584 2620 1743 2695 complures
1755 2638 1820 2679 rere
1833 2619 1958 2680 untionis
1971 2622 2034 2681 (ler-

589 2707 716 2767 mauioae
733 2707 859 2766 homines
876 2708 961 2777 docti,
979 2710 1082 2781 quibus
1099 2710 1187 2769 etiam
1199 2709 1344 2769 lanettius
1361 2709 1477 2767 Italicus
1495 2728 1525 2768 se
1541 2708 1685 2778 adiunxit,
1706 2727 1769 2766 cum
1787 2708 1918 2767 Zeumero
1936 2710 2036 2784 legem,

588 2796 657 2867 quia
674 2795 797 2854 ciusdem
815 2814 880 2853 usus
898 2796 978 2853 nobis
996 2796 1086 2869 primo
1108 2796 1135 2853 in
1160 2796 1291 2869 partibus
1313 2797 1432 2853 Raetiae
1455 2796 1588 2862 occurrit,
1613 2797 1699 2855 etiam
1722 2795 1828 2855 ibidem
1853 2796 2037 2870 compilatam

588 2902 648 2941 esse
661 2885 842 2942 contendunt
871 2883 926 2942 Sed
940 2884 997 2941 iarn
1010 2884 1083 2941 Salis
1102 2885 1221 2957 [ZlRG.⁸
1238 2886 1287 2945 VI.
1301 2885 1368 2956 188),
1388 2885 1536 2943 dummodo
1554 2902 1596 2953 ea,
1614 2902 1686 2956 quae
1701 2884 1745 2942 lea
1762 2883 1927 2953 contineret
1945 2886 2036 2946 obser-

588 2974 733 3040 varentur,
757 2971 830 3029 nihil
855 2976 967 3033 obstare
986 2972 1072 3040 dixit,
1095 2972 1243 3043 quominus
1266 2974 1358 3045 legem
1380 2974 1411 3031 iu
1434 2971 1562 3046 pertibus
1580 2972 1764 3030 occidentalis
1782 2972 1916 3029 l'rauciae
1940 2978 2037 3031 natam

587 3074 648 3115 esse
671 3063 833 3130 putaremus
857 3066 888 3120 et
910 3062 1069 3133 nuperrime
1093 3061 1203 3133 collega
1229 3080 1307 3117 meus
1329 3061 1542 3133 Oenipontanus
1560 3059 1698 3116 Volteliui
1718 3060 1839 3132 [locor.
1858 3063 1925 3117 tom.
1943 3061 2037 3133 suppl.

589 3144 638 3210 Vl,
658 3146 766 3219 libra]
789 3147 869 3205 brevi
891 3146 1065 3205 documentis
1089 3146 1219 3203 omuibus
1243 3147 1366 3204 nondum
1389 3146 1527 3204 adhibitis
1550 3145 1730 3202 adumbrarit
1751 3146 1893 3218 epitomen
1914 3149 2038 3203 nostum

588 3229 647 3287 alio
665 3231 727 3288 loco
750 3237 837 3303 atque
859 3233 888 3289 in
906 3232 1008 3290 Raetia
1026 3262 1060 3274 ·-
1077 3251 1168 3303 neque
1193 3232 1222 3288 in
1240 3232 1328 3291 ltalia
1344 3231 1561 3305 septentrionali
1577 3261 1612 3273 -
1629 3231 1812 3302 compilatam
1835 3248 1894 3288 esse
1918 3232 2038 3303 indeque

589 3316 619 3372 ia
636 3317 763 3390 regiones
782 3317 915 3376 Raeticae
931 3318 1074 3390 migrasse.
1111 3319 1172 3385 Quo
1194 3318 1256 3375 loeo
1278 3337 1309 3376 re
1335 3337 1401 3376 vera
1418 3320 1463 3376 ler
1487 3318 1544 3374 ista
1565 3336 1599 3375 ex
1617 3317 1761 3374 Breriario
1784 3318 1912 3374 conlecta
1933 3318 1983 3386 sit,
2008 3317 2038 3374 id

589 3402 679 3460 amico
696 3421 758 3460 meo
775 3403 964 3460 illustrisnimo
986 3404 1098 3470 aliisve,
1122 3403 1172 3474 qni
1194 3423 1239 3462 me
1263 3404 1403 3462 intentius
1423 3405 1453 3460 iu
1471 3403 1596 3460 tontibus
1615 3402 1679 3459 aeri
1696 3402 1865 3458 Francorum
1884 3406 2037 3469 versantur,

590 3489 792 3546 enucleandum
809 3490 944 3560 relinquo.
975 3491 1029 3546 Hic
1047 3490 1077 3546 id
1095 3509 1179 3546 uuum
1197 3491 1330 3558 adferam,
1350 3491 1425 3560 quod
1443 3491 1500 3547 iam
1513 3490 1651 3547 (tentatus
1670 3488 1702 3561 [1,
1714 3491 1792 3545 286⁸.
1805 3492 1854 3544 221
1865 3494 1882 3545 ¹.
1895 3491 1974 3563 291¹]
1992 3508 2037 3546 ex·

591 3574 698 3647 posuit,
723 3575 872 3631 nonnullae
898 3574 970 3647 legis
993 3576 1120 3632 rubricas
1142 3594 1204 3632 eum
1227 3576 1476 3648 explanationibus
1498 3576 1643 3633 titulorum
1668 3574 1706 3630 ad
1726 3573 1900 3631 Breviarium
1923 3577 2037 3632 auctore

591 3659 722 3716 Zeumero
730 3661 764 3729 ι1)
782 3659 812 3716 in
830 3659 925 3716 Gallia
942 3661 1119 3717 meridionali
1138 3661 1220 3718 lactis
1238 3663 1387 3719 cohaerere
1404 3664 1434 3719 et
1450 3662 1522 3729 alia,
1540 3678 1613 3731 quae
1631 3659 1775 3717 Breviarie
1793 3659 1822 3714 in
1841 3660 2038 3732 Fraueogallia

591 3743 735 3815 adscripta
752 3746 826 3812 sunt,
844 3746 873 3800 in
891 3745 1063 3802 conficienda
1080 3747 1145 3820 lege
1157 3745 1284 3803 Curiansi
1303 3747 1503 3804 auctoritatem
1522 3746 1639 3812 dedisse,
1657 3745 1779 3814 denique
1795 3745 1934 3801 rationem
1951 3763 2037 3815 quan-

591 3830 656 3884 dam
673 3828 704 3884 in
721 3828 941 3900 interpretandis
957 3833 988 3886 et
1005 3829 1185 3901 disponendis
1207 3830 1280 3902 legis
1297 3829 1441 3887 Romanae
1459 3830 1668 3901 visigothorum
1693 3828 1942 3885 constitutionibus
1965 3827 2039 3885 iuter

590 3914 724 3970 formulas
742 3913 915 3971 'l'uronenses
932 3917 962 3970 et
978 3915 1070 3986 legem
1088 3914 1246 3972 Ourieumm
1265 3919 1388 3972 nostram
1407 3912 1591 3971 demonstrari
1609 3931 1699 3986 posse.

678 3997 767 4056 Rnius
784 3998 856 4072 legis
873 4017 925 4073 per
941 3999 1072 4058 Raetiam
1090 4000 1248 4058 curiensem
1271 4020 1352 4058 usum
1378 4005 1490 4074 praeter
1511 4001 1582 4057 illud
1600 4002 1799 4058 testamentum
1819 4001 1893 4057 'l'elli
1911 4000 2038 4075 episcopi

591 4086 740 4152 (lariensis,
753 4086 831 4145 cuius
843 4087 926 4144 fldem
938 4088 1084 4146 Zeumerus
1097 4088 1223 4147 defendit
1234 4088 1284 4146 alii
1302 4107 1367 4148 rere
1379 4087 1601 4161 addubitent¹¹),
1615 4087 1749 4161 Gepitnla
1761 4087 1889 4146 Remedii
1903 4087 2039 4157 indicant,

680 4266 701 4331 ¹)
719 4267 758 4322 ed.
777 4269 886 4322 Zeumer
904 4267 931 4320 ln
948 4269 1029 4322 1111.
1042 4269 1093 4322 bb.
1107 4269 1129 4321 V
1147 4285 1170 4338 p.
1184 4266 1284 4338 aeon.
1302 4296 1336 4307 -
1354 4270 1427 4335 Quae
1448 4286 1479 4323 ea
1496 4269 1528 4322 de
1545 4267 1602 4339 lege
1619 4268 1716 4340 scripta
1732 4277 1807 4338 sunt,
1831 4269 1947 4324 lnrenlee
1970 4272 2039 4340 apud

592 4340 718 4409 Sebupler
729 4338 867 4394 manuele⁸
886 4340 906 4404 l,
924 4357 949 4410 p.
963 4337 1054 4402 189¹·;
1072 4341 1179 4405 Zenetti,
1198 4341 1236 4394 ba
1251 4340 1328 4410 legge
1340 4342 1453 4394 &mena
1469 4342 1666 4395 retica-eoireae
1683 4361 1699 4395 ο
1716 4342 1823 4396 udinese
1834 4339 1925 4411 (ml)
1940 4341 2038 4412 pttsq.

592 4421 617 4464 et
636 4411 782 4479 nuperrime
798 4411 866 4480 apud
885 4412 919 4463 11.
932 4413 1009 4464 Besa
1026 4411 1052 4462 in
1071 4412 1129 4463 ltir.
1141 4411 1170 4463 it.
1182 4412 1258 4463 XXX
1276 4418 1303 4464 et
1320 4413 1408 4464 XXXI
1426 4418 1452 4465 et
1468 4413 1576 4465 XXXV.

680 4495 701 4563 1)
720 4496 821 4549 811111.ι
839 4498 885 4557 IX,
897 4494 931 4547 88
941 4513 993 4562 ις.)
1010 4499 1109 4549 Conrat
1125 4500 1146 4564 l,
1158 4494 1221 4561 2923
1240 4498 1342 4549 Zeuetti
1363 4496 1425 4562 181)
1444 4498 1548 4550 llalbau
1567 4500 1600 4563 ll,
1612 4495 1665 4550 840
1673 4514 1711 4564 aq.

680 4579 702 4648 ’)
719 4582 846 4648 Brunuer,
864 4582 1040 4651 Grundatlge¹
1059 4581 1102 4635 49.

681 4666 703 4736 ⁴)
720 4667 877 4720 Sohroodor‘
894 4665 953 4720 252.

680 4753 701 4820 ⁸)
719 4753 818 4806 Raeuel
836 4754 864 4806 iu
882 4753 999 4806 Beriobte
1017 4756 1063 4808 der
1080 4755 1353 4822 stebs.Gee.1V,86;
1371 4756 1437 4809 Salis
1455 4757 1482 4809 in
1500 4755 1603 4810 araur
1622 4758 1665 4820 Vl,
1681 4756 1741 4822 lae,
1764 4756 1873 4809 ieamer
1891 4756 1918 4808 lu
1936 4758 1970 4808 Zl
1973 4756 2040 4810 118.ι

592 4820 989 4888 11,11;c‹›nrsr1,286·ee

681 4907 703 4976 ‘)
720 4909 846 4977 Sebupler
863 4911 943 4961 rarlia
960 4910 1035 4974 lecim
1054 4912 1158 4963 Traube
1177 4912 1231 4963 NA.
1249 4909 1432 4977 11111180.

680 4995 702 5062 ¹)
721 4995 824 5070 lettl.⁸
843 4997 887 5059 lX,
899 4994 927 5059 9;
946 4998 982 5047 ld.
996 4998 1027 5048 (1.
1041 4997 1093 5046 Lb.
1106 4997 1137 5058 V,
1150 4993 1209 5048 297.

682 5081 705 5145 ⁸)
722 5080 857 5149 Sobupler,
872 5080 1011 5133 manuale·
1024 5082 1044 5142 l,
1056 5079 1104 5133 194
1113 5098 1164 5149 η.)
1182 5082 1296 5143 Salvioli,
1308 5083 1447 5136 meuaale¹
1458 5081 1492 5135 64
1501 5090 1563 5147 eta3
1581 5084 1659 5135 Resta
1670 5083 1697 5133 in
1709 5083 1766 5135 Rir.
1776 5085 1807 5136 lt
1820 5084 1894 5134 XXX
1907 5091 1934 5136 et
1944 5083 2040 5135 xm

813 5165 824 5197 s

674 5167 707 5314 ι8))
721 5165 955 5315 88818.ἰῖ8,581;
974 5254 1058 5303 Rorm.
1080 5249 1153 5303 148⁸.
1171 5278 1204 5288 -
1221 5253 1275 5303 err.
1292 5253 1370 5305 Bolum
1388 5255 1416 5304 ln
1433 5254 1536 5305 zeno!
1553 5257 1574 5319 1,
1588 5253 1658 5305 17¹⁸.

671 5335 707 5401 ¹¹)
725 5337 834 5388 Zeumer
859 5335 967 5387 ziRG.¹
994 5338 1039 5398 lx,
1057 5335 1091 5388 118
1106 5353 1144 5403 aq.
1168 5343 1194 5388 et
1223 5337 1277 5388 NA.
1301 5338 1383 5398 xxV,
1402 5335 1463 5390 844.
1508 5339 1604 5390 contra
1629 5338 1768 5458 bahurim,
1794 5338 1815 5388 ll
1838 5344 1992 5391 teammento
2015 5336 2042 5388 81

592 5403 677 5468 Tella,
695 5405 723 5456 in
738 5405 792 5458 nel
809 5405 834 5455 d.
852 5421 877 5458 r.
894 5406 941 5457 Ao.
959 5404 1000 5457 dei
1019 5406 1117 5458 Llncel.
1152 5405 1241 5457 Classe
1258 5405 1285 5456 dl
1302 5405 1404 5458 ”huss
1421 5407 1512 5458 morall
1529 5407 1555 5459 8.
1568 5407 1612 5474 lv,
1629 5408 1661 5458 Τ.
1674 5407 1695 5458 V
1709 5405 1744 5474 ll,
1761 5404 1859 5473 ewsq.
