5250 6350
1126 1644 1275 1709 OAPV'P
1303 1644 1484 1713 NONVM.

695 1813 1130 1899 ORTHOGRAPHIA
1162 1813 1447 1896 LlBRORVM
1484 1814 1548 1896 ΕΤ
1579 1813 1918 1899 COMPENDIA.

665 2022 905 2097 orthographiam
917 2021 1052 2079 librorum
1064 2023 1180 2079 duorum
1194 2021 1389 2094 primariorum
1403 2021 1561 2079 RVeditio
1573 2023 1616 2080 ita
1628 2026 1829 2095 repraesentat,
1847 2026 1880 2079 ut
1897 2023 2033 2097 ambigua

579 2112 654 2170 sicut
673 2111 780 2170 tradita
801 2113 867 2168 sunt
888 2110 1056 2177 redduntur,
1080 2108 1151 2168 vitiu
1173 2114 1262 2179 certa,
1285 2109 1372 2168 etiarn
1395 2128 1440 2178 eu,
1462 2109 1492 2167 in
1510 2110 1612 2181 quibus
1630 2110 1763 2181 librarius
1780 2110 1836 2168 eibi
1854 2116 1979 2180 constat,
2003 2110 2033 2168 in

580 2204 660 2257 textu
673 2198 850 2272 corriguntur
861 2198 934 2255 falsu
951 2196 1092 2271 scripturn
1109 2199 1201 2256 relata
1219 2198 1247 2255 in
1260 2202 1440 2272 apparatum.
1470 2199 1571 2272 Operis
1582 2198 1687 2273 integri
1701 2198 1812 2258 codices
1828 2200 1876 2257 nbi
1889 2198 2033 2267 deficiunt,

580 2293 720 2360 quatenns
737 2287 797 2345 fieri
815 2286 912 2360 potuit
929 2287 966 2343 ad
978 2287 1040 2343 PM
1055 2287 1276 2360 orthographica
1287 2288 1409 2344 formutu
1425 2291 1492 2344 sunt
1508 2286 1667 2360 suppressis
1684 2288 1789 2346 naevis
1807 2318 1840 2330 -
1859 2287 1920 2344 Hoc
1938 2285 2033 2359 capite

582 2393 616 2432 er
630 2375 714 2430 RVT
728 2372 958 2447 orthographica,
975 2391 1048 2443 quae
1066 2372 1180 2443 quidem
1198 2374 1297 2445 ulique
1314 2375 1498 2432 edoomtione
1516 2375 1604 2447 digna
1622 2393 1682 2432 esse
1700 2375 1871 2442 viderentur,
1889 2371 2033 2445 composui

580 2460 739 2528 coniuncte,
756 2460 898 2531 specimen
916 2458 1027 2517 scilieet
1044 2478 1222 2531 nequaqnam
1235 2461 1358 2532 plenum.
1388 2460 1429 2515 Ex
1441 2459 1576 2517 breviarii
1593 2461 1674 2517 libris
1687 2460 1748 2517 ΡΜ
1763 2460 1793 2517 in
1805 2458 2035 2533 orthographicis

580 2564 635 2602 non
658 2546 749 2602 multo
772 2545 915 2603 inferiores
932 2549 999 2602 sunt
1016 2544 1097 2601 libric
1115 2545 1199 2602 RVr·
1218 2548 1248 2603 et
1269 2546 1352 2618 longo
1374 2545 1551 2602 emendatius
1571 2544 1673 2618 scripti
1694 2563 1778 2616 quem
1797 2564 1831 2603 ex
1849 2543 1968 2617 integris
1985 2544 2034 2610 W;

581 2636 679 2690 contra
704 2633 792 2690 codex
812 2634 845 2691 Η
865 2651 916 2691 nec
941 2631 1032 2689 minue
1051 2632 1084 2690 N
1101 2636 1131 2689 et
1152 2632 1255 2704 reliqui
1278 2650 1373 2689 onnrcs
1394 2632 1490 2689 retorti
1508 2635 1575 2688 eunt
1592 2631 1670 2689 vitiis
1692 2636 1723 2691 et
1743 2628 1933 2689 barbarismis.
1974 2630 2034 2705 Ego

580 2739 614 2779 cr
632 2720 677 2777 tris
695 2720 824 2777 omnibns
841 2721 948 2778 selecta
966 2720 1160 2779 mutummmlo
1179 2718 1328 2785 adnotavi3
1350 2719 1502 2778 liuenclius
1526 2719 1554 2777 in
1579 2722 1666 2793 preci.
1684 2720 1720 2778 nd
1740 2718 1910 2777 breviarium
1928 2738 2034 2777 errores

581 2808 739 2882 composuit
758 2828 785 2881 p.
797 2809 858 2865 xlii
878 2828 911 2867 ox
931 2809 972 2877 11,
991 2827 1018 2882 p.
1032 2808 1120 2865 XLlX
1139 2827 1172 2867 cr
1191 2809 1225 2877 L,
1243 2829 1271 2881 p.
1285 2808 1348 2865 {2111
1367 2828 1401 2866 cx
1420 2808 1547 2866 Parisino
1564 2810 1635 2867 4166
1652 2807 1805 2881 (descripto
1823 2826 1857 2865 ex
1870 2807 1920 2879 Ε).

752 2986 778 3046 V
1096 2987 1124 3043 R
1442 2988 1467 3043 'l'
1818 2986 1890 3043 narii

582 3093 616 3131 ce
650 3093 665 3131 e
980 3090 1012 3128 oe
1046 3090 1061 3129 e
1274 3089 1307 3128 ae
1341 3089 1355 3127 e
1672 3092 1705 3129 ae
1739 3090 1753 3129 e

600 3161 629 3217 in
640 3159 750 3217 Latinis
762 3177 825 3216 ruro
837 3177 945 3230 pemru·
998 3177 1061 3216 rure
1080 3162 1239 3232 permutan-
1689 3160 1752 3215 PM
1768 3162 1825 3216 iere
1843 3159 1876 3215 ut
1894 3157 2000 3229 priores

618 3251 717 3302 tantur
1016 3249 1063 3300 tur

583 3348 617 3386 oe
634 3348 685 3402 pro
703 3347 718 3385 e
1273 3345 1306 3384 ae
1324 3347 1374 3400 pro
1392 3346 1406 3384 c
1672 3347 1704 3386 ce
1721 3348 1772 3402 pro
1789 3346 1803 3384 e
1818 3327 1931 3400 pumirs,
1948 3328 2034 3385 mexi-

601 3416 630 3473 in
657 3417 711 3473 flue
739 3413 882 3480 vocabuli,
914 3416 946 3469 ut
998 3415 1028 3471 in
1042 3415 1095 3472 fine
1109 3415 1240 3472 vocabuli
1293 3415 1323 3472 in
1345 3416 1398 3473 fine
1423 3415 1554 3472 vocabuli
1577 3434 1638 3487 pes
1707 3416 1806 3482 meli,
1832 3412 1861 3469 in
1884 3431 1939 3485 qno
1962 3413 2035 3470 iuter

617 3503 777 3573 manifestae
801 3531 834 3542 -
858 3499 946 3555 riolo-
1016 3501 1171 3558 incantatae
1205 3532 1240 3543 —
1310 3500 1364 3557 sim
1391 3501 1454 3557 litae
1479 3504 1570 3572 (corr.)
1606 3531 1638 3543 -
1707 3503 1767 3560 eliu
1792 3505 1954 3558 oonstsnter
1978 3503 2035 3558 iere

618 3607 708 3646 meroe
1017 3588 1140 3645 inlicitae
1163 3592 1188 3659 6,
1198 3589 1240 3657 65,
1310 3587 1445 3643 maxime
1473 3619 1507 3630 -
1532 3606 1640 3659 prosuae
1707 3587 1792 3645 detur
1808 3589 1907 3644 miani

601 3674 947 3736 aodeeiacoustuutcrfere
1018 3677 1059 3744 14,
1070 3677 1101 3732 11
1311 3676 1403 3744 (corr.)
1420 3704 1454 3715 ·-
1471 3690 1540 3744 puae
1551 3673 1639 3732 'cnoli

619 3760 944 3834 (canalo,5‚52,18-
999 3764 1127 3832 paenitus
1143 3780 1207 3819 raro
1312 3762 1370 3819 tice
1388 3759 1571 3832 (saepissime,
1590 3761 1638 3818 eod

620 3852 661 3917 16,
670 3852 696 3915 5,
705 3851 748 3915 65,
758 3848 819 3913 *12;
855 3846 948 3902 nera
995 3848 1174 3917 praetem
1310 3865 1397 3919 ssepe
1417 3847 1584 3916 correctum)
1606 3876 1640 3886 —

620 3937 661 4002 16,
670 3938 696 4003 5,
706 3937 748 4001 65,
758 3935 787 4005 6)
995 3935 1132 4003 praelium
1149 3952 1212 3991 rero
1312 3933 1481 4002 paulinae
1497 3932 1641 3988 —solitae

603 4023 726 4078 emolere
1000 4023 1189 4092 macricuria
1312 4049 1346 4060 -
1364 4019 1501 4076 duiliom

599 4109 851 4181 protoepiscopus
869 4128 931 4168 ruro
1000 4116 1132 4167 enemim
1178 4110 1241 4179 6,1,
1294 4107 1407 4164 occlmia
1455 4137 1488 4148 -
1539 4107 1640 4177 οαὶιτι,

600 4216 696 4271 proco·
728 4198 949 4270 (depraecamur)
1018 4200 1067 4267 8,1
1088 4218 1156 4257 corr.
1311 4196 1412 4253 acatio
1440 4228 1474 4239 -
1505 4197 1641 4255 wanlin

620 4305 683 4344 raro
1001 4289 1194 4347 laeetalnulur
1217 4291 1241 4358 6,
1313 4317 1347 4326 -
1371 4303 1475 4356 aequus
1500 4316 1533 4327 —
1557 4286 1641 4344 inler-

599 4377 736 4444 proclinus
753 4394 817 4432 ruro
1019 4377 1122 4445 2‚15,3
1309 4375 1599 4445 praelatio-poenes
1609 4404 1640 4413 -

604 4463 748 4530 quaerella,
763 4461 950 4530 puaeirnouia
1309 4462 1442 4530 prensus
1451 4476 1641 4530 -proecce-

621 4545 774 4616 aliquoties
1099 4585 1101 4590 -
1309 4545 1494 4615 praeliandus
1514 4563 1578 4600 enrn
1596 4545 1641 4601 de·

1118 4656 1120 4660 ¹
1313 4630 1413 4686 rivalis
1436 4632 1492 4686 fere
1514 4635 1641 4686 constan·

1314 4722 1358 4772 ter
1385 4746 1418 4756 -
1443 4732 1581 4784 prorum
1608 4745 1641 4755 -

1309 4803 1448 4872 praelium
1464 4803 1630 4873 plerumque

588 4909 602 4947 r
621 4909 671 4964 pro
688 4907 722 4947 aa
739 4908 802 4947 rere
986 4906 1001 4945 e
1018 4906 1069 4961 pro
1085 4906 1119 4944 oc
1137 4908 1199 4946 roro
1280 4907 1293 4945 e
1311 4907 1363 4961 pro
1380 4906 1412 4944 ue
1677 4906 1754 4961 epto
1766 4906 1799 4944 oe
1810 4887 1908 4946 cerins.
1938 4890 2042 4945 InPM

605 4995 687 5048 epum
707 4979 861 5044 11,66,7,6
1004 4978 1086 5033 elicito
1296 4977 1326 5033 in
1339 4978 1392 5034 tino
1403 4977 1533 5035 vocabuli
1546 4978 1642 5033 lale-
1711 4979 1873 5033 constanter
1906 4978 1963 5034 iere
1996 4981 2040 5034 est

605 5065 947 5130 mimalioV¹ll,lt,l,ll
1004 5064 1244 5127 intercisum,
1313 5069 1402 5118 nostre
1427 5095 1460 5104 -
1481 5064 1585 5132 praecis
1609 5093 1642 5104 -
1711 5062 1796 5117 ledere

605 5149 705 5204 heresis
721 5151 778 5204 iere
791 5153 952 5204 constanter
1021 5149 1071 5213 5,1
1314 5164 1365 5216 qne
1383 5146 1487 5217 poesim

623 5234 753 5303 (tamone
771 5235 811 5300 16,
824 5237 848 5300 5,
857 5237 899 5299 51,
909 5236 952 5303 *6)
1001 5232 1182 5304 prestandum
1194 5233 1246 5301 Ἰ,4
1297 5233 1401 5303 quiae
1427 5263 1461 5274 -
1486 5236 1586 5291 edoctis
1609 5264 1643 5274 -

606 5322 677 5377 lesu
1022 5322 1091 5389 2:3,5
1315 5322 1482 5378 mlerere-
1496 5338 1644 5394 pyreneum

1317 5438 1351 5451 -
1366 5426 1435 5479 perce
1452 5440 1485 5451 -
1500 5408 1638 5480 preminur
