5250 6350
1312 624 1491 687 41-

673 784 726 846 bns
747 807 818 847 unus
839 784 915 852 (num
932 781 1088 859 Hydotium
1106 783 1308 858 interpolatum
1338 789 1395 845 cbr.
1411 786 1507 845 mint
1526 807 1552 861 p.
1568 788 1600 844 15
1618 789 1694 845 recte
1711 790 1883 861 spernemus)
1902 792 1999 847 auctor
2016 789 2124 850 chroni-

674 894 769 934 corum
787 874 958 933 Gallicorum
982 892 1007 930 a
1020 874 1072 930 452
1095 874 1164 943 (chr.
1184 873 1250 930 min.
1270 875 1351 932 roll
1372 895 1399 946 p.
1412 876 1475 943 tto)
1499 874 1623 947 corporis
1646 874 1786 947 publicati
1803 876 1931 935 meminit
1953 877 2006 934 sub
2028 896 2053 935 a
2071 878 2124 935 XV

674 961 825 1020 Theodosii
836 962 876 1020 11:
898 961 1101 1017 ibeodoeicm
1119 961 1182 1015 liber
1199 962 1320 1016 omnium
1337 962 1422 1032 ίιφιωι
1439 962 1616 1032 lepltimornrm
1629 962 1786 1032 princepum
1806 963 1839 1018 irs
1854 979 1941 1019 unum
1955 966 2126 1021 mulonem

673 1050 723 1105 toc
735 1050 852 1117 primurn
870 1063 944 1101 anuo
962 1046 1057 1101 editus.
1076 1076 1109 1087 -
1127 1046 1207 1101 Anno
1225 1047 1277 1101 438
1302 1050 1421 1103 exeunte
1439 1049 1534 1119 (gesta
1552 1046 1616 1117 ipso
1634 1046 1708 1104 diem
1725 1067 1781 1105 non
1803 1049 1964 1116 enuntiant.
1981 1050 2030 1107 sed
2047 1050 2125 1107 edita

674 1137 750 1196 sunt,
777 1130 875 1187 stetim
903 1130 1014 1200 opinor,
1041 1130 1106 1184 Doc.
1124 1131 1170 1197 25)
1202 1131 1321 1185 Faustus
1348 1131 1398 1185 illo
1423 1133 1583 1200 praefectus
1609 1131 1751 1201 prostorio
1776 1131 1878 1187 ltaliae
1903 1134 2046 1204 exemplar
2069 1134 2125 1190 sibi

674 1216 811 1274 traditum
828 1214 939 1272 senetui
956 1211 1034 1268 urbis
1051 1212 1155 1269 Romae
1181 1212 1335 1278 intimavit,
1353 1230 1408 1269 non
1427 1217 1461 1269 ut
1477 1216 1591 1271 senatus
1608 1213 1637 1269 id
1656 1215 1851 1286 comprobaret
1868 1216 1908 1286 (id
1925 1215 2000 1272 enim
2017 1216 2055 1274 ab
2072 1218 2126 1276 boc

674 1319 744 1359 aero
762 1301 885 1358 alienum
903 1302 971 1367 eat),
996 1298 1045 1354 sed
1069 1302 1102 1355 ut
1125 1297 1273 1369 occiperet
1295 1303 1326 1356 et
1344 1297 1378 1354 de
1401 1299 1609 1371 exemplaribus
1627 1299 1805 1357 conficiendis
1822 1302 1852 1357 et
1869 1300 1983 1358 edendis
2001 1304 2126 1368 osveret3

674 1390 757 1463 gesta
774 1388 807 1444 de
826 1404 860 1444 ea
878 1405 908 1444 re
925 1384 1080 1458 praemissa
1100 1389 1167 1441 sunt
1187 1384 1242 1456 ipsi
1256 1384 1452 1443 'theodosiano
1469 1385 1498 1441 in
1517 1384 1612 1444 codice
1629 1404 1685 1443 uno
1697 1385 1888 1443 Ambrosiano.
1906 1418 1941 1429 -
1958 1386 2127 1446 Theodosia·

675 1492 742 1531 num
758 1473 831 1546 legis
854 1472 943 1530 vicem
962 1472 1087 1529 obtinere
1114 1470 1178 1527 inde
1200 1489 1219 1527 n
1237 1472 1265 1527 lr.
1283 1472 1341 1528 Ion.
1362 1489 1386 1528 a.
1402 1473 1454 1527 439
1480 1489 1570 1543 neque
1592 1472 1647 1527 nisi
1670 1490 1704 1530 ex
1728 1490 1761 1530 eo
1782 1473 1871 1529 ullam
1889 1473 2126 1542 constitutionem,

675 1558 786 1616 scilicet
804 1561 961 1629 temporum
979 1576 1074 1615 eorum
1092 1558 1215 1628 adquae
1232 1558 1371 1628 pervenit,
1390 1558 1524 1629 deinceps
1541 1558 1571 1614 in
1589 1560 1647 1616 foro
1666 1560 1786 1632 allegari
1803 1560 1888 1616 licere
1906 1561 1951 1618 lex
1969 1560 2021 1618 illa
2038 1579 2063 1618 a
2074 1561 2127 1617 438

675 1644 814 1701 enuntiat

762 1728 806 1784 Ad
818 1728 990 1798 exemplaria
1002 1729 1077 1797 quod
1095 1728 1211 1793 attinet,
1230 1727 1399 1784 authentica
1414 1729 1469 1784 duo
1482 1746 1567 1784 manu
1584 1728 1785 1799 imperatorum
1798 1728 1959 1798 subscripta
1972 1729 2017 1785 lex
2029 1730 2127 1786 endem

676 1811 765 1868 crea
786 1810 830 1867 ait
852 1810 951 1867 baberi
971 1811 1068 1866 ‘moris
1094 1812 1123 1867 in
1150 1811 1277 1876 somniis,
1302 1811 1414 1867 scilicet
1439 1815 1499 1867 tam
1521 1812 1671 1868 Berennae
1697 1829 1781 1881 qnam
1805 1811 2050 1882 Constantinopoli
2075 1812 2127 1869 sub

676 1895 820 1969 magistris
843 1893 1014 1951 scriniomm.
1051 1897 1201 1952 Prneterea
1226 1896 1308 1951 modo
1333 1894 1455 1951 vidimus
1480 1895 1653 1967 exemplaria
1676 1895 1746 1952 ilem
1768 1894 1806 1949 eb
1829 1894 1865 1950 iis
1887 1895 1995 1951 directa
2019 1895 2128 1953 nauita

676 1999 736 2039 esse
757 1981 909 2054 praefectis
934 1980 1069 2053 praetorii
1093 1982 1201 2039 duobus
1226 1980 1381 2053 primariis,
1407 1985 1440 2038 ut
1462 1998 1519 2037 uon
1541 2000 1604 2038 cum
1627 1980 1772 2038 senatibus
1795 1979 1983 2052 publicandae
2000 1980 2127 2055 syllogus

677 2085 770 2125 curum
792 2069 916 2142 agerent
953 2067 1039 2125 Fiunt
1062 2068 1213 2127 secundnm
1232 2086 1279 2135 eo,
1303 2087 1376 2140 queo
1398 2057 1558 2140 praescitus
1575 2065 1686 2125 serratui
1704 2065 1862 2139 exponier),
1886 2068 1969 2140 pluro
1984 2067 2127 2141 'corporo‘.

677 2153 768 2212 idest
789 2154 975 2228 exemplaria,
998 2154 1141 2229 descripta
1163 2156 1200 2213 ad
1217 2155 1407 2228 subscriptum
1425 2155 1462 2212 ab
1481 2153 1665 2228 imperotom
1689 2155 1788 2212 borum
1810 2173 1896 2211 unum
1918 2154 2129 2213 conservabitur

676 2242 706 2299 in
728 2241 831 2300 scrinio
854 2239 990 2315 priefecti
1015 2242 1156 2315 prostorio
1175 2241 1290 2309 ltnlino,
1315 2242 1435 2300 ultemm
1459 2241 1536 2314 opud
1559 2240 1731 2314 praefectum
1755 2240 1827 2298 urbi.
1863 2241 1905 2299 Ea
1921 2245 1955 2300 ut
1971 2243 2004 2299 irs
2019 2242 2128 2300 minis

672 2330 787 2401 publicis
803 2329 854 2386 sub
870 2329 1019 2403 &pascois
1041 2330 1198 2396 tobmruur,
1222 2329 1290 2388 item
1313 2333 1346 2386 ut
1369 2330 1471 2400 είίιριιίί
1489 2330 1621 2401 praefero
1638 2329 1778 2400 είφιαονία
1794 2345 1848 2385 suo
1863 2328 2019 2396 afflabunt
2037 2331 2129 2387 accla-

676 2415 815 2475 mationes
833 2416 977 2490 flagitant3
1003 2417 1136 2490 flagitant
1154 2416 1236 2483 item,
1263 2420 1296 2473 ut
1318 2418 1412 2487 plures
1428 2417 1528 2473 codices
1552 2416 1636 2485 fiam,
1662 2419 1695 2472 ut
1712 2415 1810 2471 codices
1833 2416 1866 2470 in
1886 2416 1994 2472 serlrrir'r
2016 2416 2130 2472 bobardi

676 2508 785 2573 sumptu
801 2503 909 2573 publico
924 2503 1008 2573 finnt,
1032 2505 1066 2559 ut
1084 2503 1237 2559 habeantur
1254 2504 1286 2556 irs
1303 2503 1409 2571 officiis,
1434 2506 1467 2559 ul
1484 2503 1515 2556 r'ss
1528 2501 1685 2573 morineias
1701 2499 1871 2571 dicionem,-
1895 2500 2054 2573 praefectus
2074 2501 2129 2560 hoc

678 2594 789 2648 tantum
808 2589 951 2663 promittit
969 2589 998 2647 in
1011 2589 1135 2648 Africam
1156 2589 1343 2662 exemplares
1361 2588 1588 2648 transmissurum
1606 2606 1673 2645 esse.
1703 2588 1759 2644 ber
1777 2586 1864 2643 atdss
1876 2588 1931 2645 hoc
1947 2587 2036 2645 solum
2050 2604 2130 2644 care·

677 2680 731 2743 rat,
749 2678 782 2733 nt
799 2676 863 2748 ipsa
880 2693 930 2748 por
948 2675 1107 2747 provincius
1128 2677 1358 2750 promulgaretur
1375 2675 1477 2734 edictis
1494 2674 1655 2747 propositis.
1686 2673 1811 2744 Denique
1829 2674 1924 2741 codex,
1942 2676 2012 2746 puto
2029 2673 2130 2731 missus

679 2780 713 2819 ex
729 2762 852 2828 Oriente.
870 2761 993 2818 traditur
1010 2760 1280 2827 constitutionariis‚
1303 2765 1413 2818 uttam
1432 2760 1606 2833 exemplario
1624 2761 1676 2815 illa
1693 2760 1830 2825 scribent.
1851 2760 2004 2829 dequibus
2022 2760 2130 2816 dictum

679 2850 723 2903 est
740 2864 825 2916 quam
842 2845 901 2902 clia
918 2847 1013 2918 pluro,
1033 2865 1089 2916 quo
1108 2846 1156 2916 qui
1176 2846 1247 2902 velit
1269 2849 1383 2917 sumptu
1402 2865 1452 2902 suo
1470 2847 1598 2918 syllogan
1617 2848 1768 2917 comparet
1805 2844 2006 2902 Commercinm
2024 2845 2077 2901 hoc
2098 2849 2131 2901 nt

679 2931 755 2985 recte
772 2928 835 2993 flat.
859 2947 926 2984 oure
945 2932 989 2985 est
1006 2930 1143 2999 praefecti
1161 2929 1237 2994 urbi:
1263 2931 1300 2986 ud
1324 2948 1388 2987 enm
1411 2930 1485 2986 eninr
1507 2930 1653 2987 referendo
1677 2947 1737 2986 esse
1760 2928 1846 2985 verbs
1867 2928 2068 2985 acclamatorio
2082 2929 2132 2983 ‘od

679 3028 772 3067 mrum
783 3014 917 3081 perum
934 3014 1134 3084 praefecturae
1151 3014 1330 3086 intellegitur
1347 3015 1468 3071 maxime
1486 3032 1520 3071 ex
1539 3013 1748 3079 constitutione,
1771 3012 1806 3069 (le
1823 3029 1880 3082 qua
1897 3011 1997 3069 statim
2014 3012 2131 3078 dicetur,

680 3098 783 3162 csso
800 3097 915 3167 eiusque
942 3098 997 3154 erit
1018 3099 1220 3171 ‘cognitionale
1244 3098 1377 3155 officinm'
1400 3098 1430 3154 in
1454 3117 1488 3155 ea
1511 3103 1703 3157 memoratum.
1742 3089 1799 3152 Sub
1821 3098 1965 3169 praefecto
1986 3114 2049 3154 eum
2072 3116 2131 3155 rem

681 3199 778 3239 curere
805 3181 920 3240 iubetur
936 3184 1135 3240 Beronicienus
1153 3203 1178 3238 v.
1192 3203 1247 3254 sp..
1269 3184 1389 3240 tortasse
1411 3182 1436 3238 is
1458 3184 1520 3255 ipse
1542 3183 1591 3253 qui
1616 3182 1645 3238 in
1666 3182 1786 3239 concilio
1804 3181 2024 3239 calchedonensi
2041 3200 2067 3239 a.
2078 3185 2129 3238 451

682 3266 795 3325 litteras
819 3267 1014 3340 imperatorias
1038 3269 1172 3326 recitavit
1195 3269 1288 3326 dictus
1312 3270 1501 3341 Rspovsrrnro'c
1517 3270 1533 3323 d
1550 3269 1764 3341 καθωσιώμενος
1785 3267 1965 3341 σηκρηιάρως
1985 3271 2034 3322 rod
2053 3268 2133 3324 telos

682 3355 878 3426 soromuploo
895 3354 998 3424 (idonei
1017 3355 1101 3411 vot'l
1119 3373 1146 3427 p.
1165 3354 1236 3419 584).
1274 3354 1431 3426 Requirunt
1450 3357 1597 3427 praeterea
1614 3353 1844 3420 acclamationes,
1866 3355 1899 3410 ut
1920 3371 2011 3410 omnes
2031 3353 2133 3411 codices

682 3439 1010 3507 transcurreremus,
1034 3439 1147 3498 scilicet
1167 3458 1221 3496 non
1241 3440 1316 3497 notis
1334 3440 1541 3513 tacbygrapbis
1559 3439 1730 3506 Tironianis;
1755 3438 1824 3498 item
1842 3444 1875 3496 nt
1896 3445 1977 3496 rrotoc
1992 3440 2061 3495 iuris
2076 3455 2134 3496 nors

682 3525 879 3595 edomitam
897 3525 1027 3582 nimirum
1049 3526 1147 3596 quales
1164 3526 1245 3583 nobis
1262 3526 1444 3582 innotuerunt
1462 3544 1496 3582 ex
1513 3525 1592 3583 Gaio.
1621 3527 1700 3583 Haec
1718 3525 1897 3598 explicantur
1914 3524 1944 3581 in
1961 3525 2056 3598 gestia
2091 3524 2133 3582 Ea

682 3612 765 3685 gesta
780 3610 1034 3669 constitutionariis
1048 3610 1197 3668 Anastasio
1215 3616 1245 3668 et
1262 3610 1393 3679 Martino,
1412 3611 1461 3682 qui
1478 3613 1522 3669 ‘ex
1541 3613 1705 3684 praecepto'
1721 3610 1750 3667 in
1768 3614 1869 3668 senatu
1887 3628 1920 3667 eo
1939 3610 2134 3677 interfuerunt.

683 3696 762 3755 edite
779 3715 836 3754 una
853 3715 916 3754 curu
935 3697 997 3770 ipso
1015 3697 1115 3770 opinor
1133 3699 1289 3771 archetypo
1306 3716 1359 3770 per
1376 3698 1507 3755 Fluvium
1525 3698 1707 3756 Laurentium
1725 3701 1904 3770 exceptorem
1922 3698 2074 3767 senatns'),
2097 3697 2134 3754 ab

683 3783 728 3841 his
747 3784 902 3857 praemissa
919 3787 985 3842 sunl
1002 3785 1210 3859 exemplaribus
1228 3804 1279 3857 per
1296 3803 1344 3843 eos
1361 3785 1391 3841 in
1403 3785 1557 3844 Occidente
1569 3784 1730 3842 divenditis.
1744 3816 1778 3827 -
1789 3784 1934 3842 Adhaeret
1950 3782 2040 3856 gestis
2056 3800 2135 3856 prae·

683 3873 762 3929 terea
783 3871 949 3929 constitutio
974 3871 1044 3928 dats
1067 3873 1103 3929 ad
1122 3873 1233 3931 eosdem
1251 3872 1515 3931 constitutionarios
1532 3891 1558 3930 a
1573 3873 1625 3931 rto
1643 3873 1709 3930 Dec.
1722 3873 1771 3939 23,
1794 3890 1844 3944 per
1861 3888 1946 3942 quam
1959 3869 2134 3928 Valentinis·

683 3977 734 4015 nus
746 3958 787 4014 111
805 3956 840 4027 (is
858 3958 932 4016 euim
951 3957 980 4015 in
998 3977 1033 4016 ea
1051 3959 1189 4031 loquitur,
1213 3958 1281 4018 licet
1306 3959 1454 4018 videantur
1472 3960 1556 4018 solito
1580 3978 1655 4019 mora
1678 3958 1792 4016 nomina
1809 3960 1925 4016 duorum
1944 3957 2133 4030 Augustorum

683 4045 860 4119 praescripto
872 4044 969 4116 luisse)
981 4045 1118 4119 inspectis
1129 4046 1218 4120 gestis
1230 4045 1289 4102 illis
1301 4047 1475 4121 procinctum
1488 4048 1552 4105 urbi
1571 4065 1668 4105 curere
1685 4047 1773 4114 iubet,
1792 4063 1826 4104 ne
1838 4043 2027 4103 Theodosiuni
2045 4062 2135 4102 exem·

684 4132 776 4205 pluria
793 4134 913 4191 edantur
932 4137 1088 4191 veneantre
1106 4133 1161 4190 uisi
1180 4133 1288 4207 scripta
1305 4152 1356 4207 por
1374 4133 1450 4207 ipsos
1468 4133 1825 4205 constitutionemque
1843 4131 1960 4188 monebit
1974 4130 2134 4204 perierim

682 4219 792 4292 siquid
818 4219 890 4276 edito
911 4222 1043 4288 falsitatis
1064 4221 1225 4277 lubrrisscnt
1247 4253 1280 4264 —
1303 4222 1348 4278 Ab
1369 4240 1424 4278 uno
1447 4222 1647 4294 exemplarium
1670 4233 1777 4288 eornm,
1799 4239 1872 4293 quae
1894 4217 2134 4277 constitutionarii

684 4306 715 4363 bi
740 4306 912 4379 scripserunt
930 4307 1100 4380 praepositis
1117 4308 1202 4364 dictis
1219 4307 1307 4381 gostis
1325 4311 1356 4366 et
1372 4308 1486 4365 adiecto
1502 4309 1558 4365 hac
1575 4306 1730 4380 monopolii
1749 4305 1969 4373 confirmatione,
1991 4305 2136 4364 deseendit

684 4410 719 4449 ex
737 4392 883 4449 codicibus
901 4393 1003 4449 nostris
1022 4398 1096 4451 certe
1115 4394 1201 4451 codex
1222 4394 1433 4459 Ambrosianum
1455 4394 1484 4450 in
1502 4394 1619 4464 reliquis
1637 4395 1705 4451 item
1723 4393 1844 4466 cogitari
1862 4392 1968 4463 poterit
1985 4392 2019 4449 de
2037 4392 2135 4447 eadem

684 4476 807 4548 origine,
832 4495 1002 4546 quamquam
1029 4482 1111 4548 gest-n
1134 4479 1171 4533 nb
1196 4478 1230 4532 iis
1252 4480 1367 4543 absunt,
1392 4497 1456 4533 nam
1480 4479 1608 4549 plerique
1631 4478 1714 4534 initio
1737 4478 1831 4533 mutili
1850 4479 1916 4532 sunt
1937 4478 1968 4532 et
1991 4475 2019 4530 in
2038 4475 2137 4545 paucis

684 4577 740 4615 non
757 4559 867 4615 mutilis
885 4560 944 4615 fiori
963 4564 1066 4631 potest,
1085 4565 1118 4616 ut
1135 4560 1245 4617 librarii
1264 4562 1433 4634 posteriores
1449 4566 1532 4634 gesta
1550 4562 1703 4619 omiserint

772 4644 887 4702 Titulus
904 4645 1043 4718 syllognc
1062 4645 1086 4701 si
1105 4646 1247 4717 sequimur
1264 4647 1352 4704 libros
1369 4646 1497 4718 scriptos,
1516 4647 1573 4704 ruit
1593 4647 1800 4703 Theodosium
1817 4645 1899 4701 nude.
1928 4645 2004 4701 Inter
2026 4627 2137 4730 Q

685 4730 790 4804 integri
813 4731 937 4804 corporis
962 4731 1072 4789 codices
1094 4732 1144 4803 qui
1172 4736 1323 4804 supersunt
1346 4751 1460 4790 numero
1484 4751 1589 4804 pancos
1611 4732 1754 4791 exordium
1776 4731 1870 4788 nullus
1891 4729 2028 4794 meavit,
2054 4731 2137 4786 finem

775 4921 795 4988 ¹)
813 4924 842 4974 in
855 4924 969 4976 cretione
980 4923 1029 4976 hac
1041 4924 1165 4991 quaedam
1189 4924 1336 4993 perturbata
1356 4931 1425 4988 sunl,
1444 4932 1507 4993 puto
1524 4924 1598 4993 culpe
1614 4924 1703 4977 Fausti
1717 4925 1806 4993 ipsius.
1831 4921 1905 4975 ‘Tria
1916 4916 2035 4990 corpora’
2080 4937 2137 4973 rnm

687 4998 755 5046 recle
772 4992 925 5061 procedunt,
948 4994 1005 5046 sive
1021 4995 1228 5062 comprehendes
1245 4995 1393 5063 exemplum
1412 4994 1565 5048 mittendum
1583 4996 1610 5047 in
1628 4996 1743 5047 Africam
1763 4996 1818 5048 stre
1835 4992 2005 5060 crolletypnnr
2022 5006 2039 5043 a
2056 4991 2137 5043 istum

688 5063 917 5131 Comtsntlnopoli.
956 5063 1076 5130 Denique
1133 5081 1221 5117 rverse
1246 5066 1340 5118 dicitur
1364 5066 1467 5118 tertium
1489 5065 1636 5132 exemplum
1660 5065 1806 5117 iaciendum
1828 5080 1885 5116 esse
1907 5061 2138 5114 comtitutionsrils

632 5161 635 5168 ·
686 5132 845 5195 trudendum.
863 5149 923 5185 cunr
940 5149 974 5187 ox
991 5131 1074 5186 tribus
1091 5134 1143 5186 ills
1161 5134 1214 5187 dno
1233 5141 1302 5187 certe
1320 5136 1355 5187 nb
1374 5135 1464 5187 iisdem
1483 5134 1562 5187 scrlbi
1579 5135 1724 5186 debuerint

776 5217 897 5284 'lt'lavli
910 5219 1044 5272 Laurentii
1063 5235 1127 5272 exce
1146 5220 1208 5272 toris
1227 5227 1341 5283 senatus,
1376 5221 1403 5273 ui
1420 5226 1493 5287 gesta
1505 5219 1735 5272 constitutionariis
1752 5218 1831 5271 edidit
1847 5213 1940 5275 aree,
1959 5221 2030 5266 estut
2047 5212 2138 5265 titulos

687 5285 839 5352 sepulcralis
866 5294 896 5365 ¹¹.⁸
914 5287 1097 5368 monulnaeuer
1117 5237 1312 5366 ,irotlo10p3
1360 5289 1518 5419 lupercus
1536 5287 1633 5337 Romu
1648 5286 1733 5365 (Rosel
1752 5284 1901 5362 tullerin-
1921 5279 1987 5361 rete
2005 5297 2030 5347 p.
2040 5277 2083 5340 18)
2100 5280 2139 5329 ita

687 5366 768 5474 {odrae
785 5359 866 5474 tunsio·
880 5360 1086 5485 &gummari
1100 5368 1165 5419 poce
1184 5352 1343 5405 [morentiae
1375 5351 1476 5420 sjcrsto
1497 5360 1601 5403 maome
1624 5349 1782 5419 deplentur]
1801 5349 1843 5402 ‹lsc
1863 5347 1933 5399 1111
1948 5346 2038 5397 naam
2056 5343 2139 5395 lion.

1898 5496 1932 5553 Α.
