5250 6350
1185 579 1400 641 —axx-

564 743 771 804 nbionarirnun
792 745 823 804 ct
844 743 934 802 ablato
950 760 973 802 r.
985 759 1008 803 c.
1033 774 1063 789 -
1089 745 1129 813 16,
1138 746 1163 812 5,
1173 743 1241 816 56,1
1259 743 1495 817 superstitionibus
1517 773 1549 785 -
1575 742 1615 812 16,
1625 744 1650 813 5,
1660 744 1732 813 aas
1750 743 1801 819 rit]
1817 743 1911 815 [neri.
1948 742 2019 804 ltenr

565 831 594 890 in
617 835 760 906 apparatu
778 832 921 891 Vruncisoi
939 832 1065 903 Pithoei,
1087 834 1121 893 do
1140 852 1195 906 qno
1217 834 1418 909 infrangatur,
1436 834 1544 893 multae
1563 831 1699 893 lectiones
1717 832 1897 892 inveniuntur·
1914 851 1948 891 er
1966 832 2019 891 lroc

564 919 637 977 libro
659 922 825 991 desumptae
848 921 970 992 indeque
992 939 1026 978 ex
1045 927 1126 993 parte
1151 922 1307 979 translatae
1331 921 1360 978 in
1380 922 1533 979 editionem
1551 920 1733 978 Cuiacianam
1751 921 1879 978 alteram.
1903 919 2019 993 -lpse

564 1006 651 1062 codex
674 1006 784 1062 inutilis
802 1010 846 1064 est
863 1010 964 1078 utpote
982 1006 1043 1064 sine
1060 1007 1146 1065 dubio
1165 1007 1323 1080 descriptos
1342 1026 1376 1065 ex
1392 1008 1581 1080 Eporediensi.
1618 1007 1711 1064 Partis
1728 1007 1905 1065 Rosaubiuae
1923 1025 2019 1078 quam·

564 1110 650 1162 quam
666 1092 779 1165 plenam
791 1092 924 1150 notitiam
940 1112 995 1151 non
1013 1092 1109 1162 habui,
1127 1093 1311 1151 nihilomiuus
1330 1094 1418 1150 didici
1436 1112 1470 1150 er
1488 1094 1599 1150 schedis
1617 1093 1799 1151 Hacuelianis
1822 1094 1920 1150 adesse
1938 1093 1967 1149 in
1985 1111 2020 1151 ea

564 1177 798 1249 transpositiones
821 1179 891 1235 duas
915 1198 1001 1251 supra
1024 1183 1164 1237 tractatas
1181 1181 1217 1248 (6,
1228 1182 1292 1247 l‘l,l
1312 1182 1350 1238 ad
1367 1183 1392 1249 3,
1407 1183 1473 1249 lat
1491 1180 1597 1239 inserta
1614 1180 1673 1254 legi
1691 1180 1716 1251 3,
1733 1182 1773 1247 11,
1791 1183 1819 1246 1,
1841 1180 1911 1239 item
1932 1182 2020 1249 4,4,3

564 1265 601 1320 ad
618 1266 704 1332 4,4,5
723 1265 828 1323 inserta
845 1265 904 1339 legi
920 1268 1049 1337 4,1,11);
1072 1268 1169 1325 adesse
1192 1267 1261 1325 item
1285 1268 1511 1341 dittographiam
1531 1286 1558 1341 p.
1573 1269 1631 1334 119,
1647 1268 1723 1338 1-6,
1743 1268 1777 1325 de
1796 1285 1853 1338 qua
1870 1266 1966 1324 monui
1982 1268 2020 1324 ad

563 1350 679 1418 3,11,1;
697 1352 794 1410 adesse
812 1354 960 1421 emblema,
978 1354 1014 1411 de
1032 1370 1088 1425 quo
1105 1354 1213 1410 dictum
1230 1359 1275 1412 est
1296 1355 1333 1412 ad
1354 1355 1380 1421 6,
1391 1356 1465 1423 ras,
1476 1357 1533 1422 ’11,
1552 1373 1624 1425 qnae
1642 1354 1737 1411 omnis
1756 1353 1886 1426 pariliter
1903 1354 2021 1412 redeunt

564 1437 592 1495 iu
618 1437 808 1512 Eporedieusi.
844 1440 934 1497 Adest
948 1440 1017 1497 item
1030 1446 1155 1500 erhema
1172 1460 1238 1515 pars
1251 1441 1464 1501 constitutionis
1481 1445 1507 1515 4,
1515 1444 1566 1512 4,7
1588 1445 1701 1500 servata
1719 1440 1793 1497 iuter
1809 1458 1916 1514 pancos
1933 1440 2020 1498 libros

564 1526 594 1583 iu
613 1526 649 1584 Ε.
685 1528 718 1585 Id
742 1528 908 1586 confirmant
924 1547 995 1600 quos
1012 1535 1078 1603 post
1095 1530 1262 1590 Hseuelinm
1275 1534 1305 1590 et
1318 1532 1491 1605 Krnegcrnm
1509 1530 1661 1604 diligenter
1679 1530 1740 1601 ipse
1756 1528 1864 1587 contuli
1882 1529 2022 1601 quaterni·

566 1631 634 1672 oucs
657 1613 785 1671 Parisiui.
821 1613 938 1672 Scilicet
961 1633 1016 1672 non
1041 1616 1130 1673 solum
1156 1618 1272 1689 propria
1295 1619 1388 1675 multa
1412 1623 1472 1676 tam
1496 1620 1571 1676 bona
1592 1636 1678 1688 quam
1695 1618 1773 1674 mala
1790 1621 1834 1687 (ut
1853 1619 1894 1689 10,
1903 1619 1928 1685 9,
1943 1620 1984 1687 l‘l,
1995 1621 2021 1688 1)

564 1700 651 1757 codex
671 1702 761 1757 hahet
779 1700 937 1757 communia
955 1721 1018 1758 cum
1035 1702 1228 1773 Eporediensi,
1254 1705 1303 1761 scd
1321 1705 1409 1761 ctiam
1428 1704 1482 1771 ihi,
1501 1704 1550 1760 ubi
1568 1704 1763 1775 Eporedisnsis
1781 1704 1945 1776 corrigendo
1963 1722 2021 1762 cor·

566 1789 667 1856 ruptus
684 1791 729 1843 est
749 1788 794 1853 (ut
813 1786 853 1854 16,
862 1785 887 1852 2,
895 1785 965 1851 398
982 1786 1045 1841 sico
1064 1817 1094 1827 -
1116 1790 1156 1854 ld,
1166 1788 1191 1855 2,
1201 1788 1271 1855 409
1288 1789 1407 1857 dmsatis)
1426 1790 1474 1846 bic
1491 1794 1586 1847 noster
1602 1788 1731 1859 seqnitur
1742 1788 1891 1847 lectionem
1905 1791 2021 1861 posteri·

566 1890 655 1937 orem:
673 1872 751 1939 item,
769 1871 818 1928 nbi
830 1870 1026 1944 Eporediemis
1043 1873 1113 1929 duas
1129 1873 1264 1931 lectiones
1281 1874 1371 1931 habet
1387 1875 1506 1932 alteram
1526 1874 1554 1931 iu
1568 1878 1656 1947 textu,
1674 1876 1794 1934 alteram
1807 1875 1844 1932 ad
1856 1875 2020 1949 marginem,

566 1962 600 2016 ut
612 1959 738 2030 16,1,19,
755 1958 772 2015 2
790 1959 932 2032 aprunam
948 1963 979 2017 et
995 1959 1146 2031 aurariam,
1166 1960 1212 2016 hic
1231 1965 1379 2032 utramque
1403 1962 1491 2019 babet
1514 1962 1543 2017 in
1567 1965 1661 2028 textu:
1684 1962 1804 2034 deniquo
1826 1964 1903 2020 mala
1920 1963 1973 2021 fide
1990 1968 2021 2022 et

565 2045 637 2103 alios
659 2046 737 2103 locos
758 2045 945 2120 interpolavit
966 2046 1071 2119 passim
1095 2046 1234 2104 iudicatos
1257 2047 1285 2104 in
1309 2047 1454 2107 adnotatis
1478 2053 1508 2106 et
1527 2049 1662 2117 19,1,151
1686 2051 1833 2106 curialium
1852 2049 2019 2106 vocabulum

565 2134 689 2193 mntuvit
706 2133 736 2191 iu
750 2134 946 2207 principaliora
969 2134 1121 2208 adsumpta
1144 2135 1257 2193 novellu
1275 2135 1468 2194 Valentiniani
1489 2138 1529 2205 19,
1539 2138 1564 2193 9.
1600 2135 1690 2203 Quam
1709 2137 1745 2195 ob
1766 2154 1825 2196 rsnr
1849 2156 2019 2210 quamquain

567 2222 723 2282 Parisinum
741 2225 811 2284 4400
829 2226 922 2282 totum
940 2223 1061 2292 contuli,
1081 2224 1189 2283 varians
1207 2224 1358 2284 lectionem
1375 2224 1528 2300 diligenter
1551 2224 1741 2285 examinutum
1760 2224 1802 2283 ita
1819 2227 1970 2300 suppressi,
1988 2231 2022 2284 nt

567 2311 667 2384 paucis
685 2310 755 2369 locis
772 2311 924 2370 memoriae
942 2329 1028 2369 causa
1045 2311 1257 2371 adscriberetur.

521 2506 554 2558 ΙΙ
657 2502 838 2576 hagionensis
856 2501 952 2567 codex,
971 2500 1082 2559 scilicet
1099 2501 1265 2559 adservatus
1277 2504 1400 2576 Legiouc
1413 2505 1510 2573 (Ιιοοιι)
1529 2504 1557 2560 iu
1571 2504 1709 2576 Hispania
1727 2504 1756 2561 in
1775 2503 1916 2561 tabulario
1934 2503 2021 2561 ecclc·

568 2588 628 2647 siae
648 2586 821 2645 cathedralis
838 2606 865 2644 n.
876 2589 918 2653 15,
936 2604 1018 2657 quern
1034 2587 1162 2659 repperit
1178 2588 1408 2647 elatrasset
1421 2590 1646 2648 Vindoboueusis
1657 2590 1823 2659 (Zeitsdnv'tt
1833 2589 1882 2645 der
1893 2588 2021 2661 6666969-

567 2674 700 2746 minum,
717 2674 896 2731 (intramis.
910 2673 994 2731 vol.8
1012 2692 1039 2747 p.
1051 2674 1122 2745 201),
1141 2674 1295 2747 posteriore
1312 2676 1463 2749 scriptura,
1481 2694 1555 2748 qnae
1573 2682 1616 2732 est
1633 2695 1705 2734 saec.
1720 2677 1766 2744 lll,
1785 2676 1912 2733 continet
1927 2675 2020 2734 Rufini

571 2763 725 2823 versionem
747 2761 883 2821 historiae
905 2761 1115 2820 ecclesiasticas
1134 2762 1310 2823 Eusebianos
1334 2764 1454 2822 adiectis
1477 2764 1593 2822 scholiis
1616 2763 1756 2837 plerisque
1774 2761 1897 2837 Latinis,
1922 2763 2020 2836 paucis

570 2851 712 2920 Arabicis,
738 2850 873 2923 scriptam
897 2848 956 2909 sino
979 2849 1066 2908 dnbio
1091 2850 1119 2908 iu
1143 2850 1294 2925 Hispania,
1319 2858 1352 2911 ut
1374 2853 1528 2926 opinantur
1550 2852 1672 2911 editores
1695 2850 1854 2920 Cordubae:
1879 2851 2021 2925 scripturo

570 2938 663 3013 priore
681 2939 793 2998 omniuo
805 2938 961 3011 Hispanico
980 2944 1010 2996 et
1028 2938 1092 3011 ipsa
1109 2940 1338 3011 praeterveharis
1356 2939 1478 3012 novique
1497 2939 1661 2998 testamenti
1673 2939 1775 2998 Latine
1788 2939 1860 2998 versi
1878 2939 2020 3012 reliquias,

571 3043 644 3097 quae
662 3026 778 3096 explent
795 3025 866 3082 iolia
883 3025 930 3092 80,
954 3026 1042 3082 hahet
1064 3026 1140 3083 loliis
1158 3027 1224 3083 aliis
1244 3029 1293 3084 105
1311 3032 1422 3098 purtem
1440 3028 1574 3083 arciorem
1591 3026 1725 3084 breviarii
1744 3026 1908 3083 Alariciani.
1943 3027 2020 3090 Quae

570 3115 732 3183 supersunt,
759 3110 902 3183 incipiunt
925 3110 955 3165 in
976 3110 1165 3167 'theodosiani
1189 3111 1262 3167 libro
1286 3116 1400 3182 quarto,
1424 3112 1525 3167 finiunt
1546 3111 1576 3166 in
1598 3111 1680 3167 Pauli
1704 3113 1722 3166 l.
1735 3113 1820 3182 4,5,l
1840 3111 1915 3168 verb.
1937 3111 2020 3167 iuter·

572 3196 741 3270 prelationis
757 3197 841 3265 suerit
858 3196 993 3267 drpidalo.
1029 3198 1186 3269 Supersunt
1203 3217 1236 3255 er
1253 3198 1448 3256 Theodosiana
1466 3199 1548 3254 hoec:

655 3311 742 3380 4,1,1
761 3309 914 3380 (insipie
932 3310 993 3365 libri
1009 3327 1066 3366 non
1083 3311 1173 3381 adest)
1191 3341 1223 3352 -
1242 3312 1293 3379 4,6
1310 3311 1428 3368 rubrica

654 3395 741 3464 4,8,6
754 3395 802 3468 [br.
814 3395 842 3466 9]
860 3426 894 3437 -
912 3397 981 3460 4,15
994 3396 1041 3467 [br.
1057 3396 1107 3467 131,
1120 3398 1132 3452 1
1145 3397 1194 3465 fin.

654 3482 724 3549 4,18
737 3481 784 3553 [br.
799 3482 876 3553 lota
893 3482 959 3537 snb.
977 3482 995 3537 8
1012 3483 1066 3538 nisi
1085 3483 1215 3556 cognitor
1234 3514 1263 3525 -
1283 3485 1309 3550 9,
1320 3484 1371 3550 6,2
1384 3485 1433 3555 [br.
1445 3484 1506 3552 0,3,
1517 3483 1543 3554 1]
1561 3483 1627 3539 verb.
1645 3485 1662 3538 5
1679 3482 1796 3539 focinus.

655 3570 681 3638 0,
694 3570 710 3626 ‘l
724 3569 775 3640 [br.
786 3568 850 3639 tlt
866 3568 935 3625 oerb.
948 3571 979 3624 ’5
997 3568 1177 3639 adquieuerit
1197 3598 1227 3610 -
1247 3570 1375 3641 0,19[οι·.
1388 3570 1463 3641 15],1
1483 3569 1550 3625 acvb.
1564 3570 1580 3625 9
1599 3568 1749 3640 dignitate.

658 3655 871 3726 u,24[er.1b],1
890 3657 958 3712 aerb.
978 3657 1010 3712 16
1027 3673 1124 3715 seruus
1144 3686 1173 3698 -
1196 3657 1316 3725 11,96,2
1329 3657 1376 3729 [br.
1390 3658 1464 3726 ll,'l,
1476 3657 1500 3728 1]
1518 3657 1587 3712 cerb.
1607 3658 1639 3713 19
1657 3658 1810 3712 eructorcs.

639 3743 987 3816 11,36,20[br.11,11,3]
1004 3745 1071 3800 snb.
1089 3743 1106 3799 3
1124 3744 1152 3799 in
1171 3743 1356 3817 septuaginta
1375 3776 1406 3788 -
1425 3742 1462 3798 ad
1476 3743 1557 3811 finan
1574 3742 1762 3798 Theodosiani.

571 3873 666 3932 Codex
684 3871 791 3931 litteris
807 3872 968 3932 uncialibus
985 3879 1117 3934 maratus
1138 3874 1261 3947 scriptus
1284 3880 1328 3931 est
1351 3874 1522 3948 portabili
1540 3877 1656 3946 propter
1673 3874 1765 3945 legem
1783 3873 1909 3930 'l'hendis
1933 3873 1959 3932 ei
1983 3873 2022 3930 in·

568 3966 685 4030 sermm,
704 3961 738 4018 de
760 3981 816 4034 qua
835 3966 935 4037 postea
953 3962 1077 4030 dicetnr;
1100 3962 1170 4021 iteru
1188 3962 1376 4036 probabiliter
1393 3967 1545 4034 autequam
1565 3961 1769 4020 Rccessuindus
1787 3963 1822 4031 (c.
1835 3979 1860 4018 a.
1872 3961 1935 4032 660)
1952 3962 2022 4019 data

569 4049 771 4109 constitutione
790 4050 883 4125 legum
902 4051 1090 4110 Romanarum
1110 4070 1188 4109 usunr
1212 4051 1241 4107 in
1265 4069 1352 4125 regno
1375 4069 1425 4107 suo
1448 4049 1575 4108 abolevit
1591 4048 1666 4120 (vide
1685 4067 1771 4122 supra
1790 4069 1817 4123 p.
1830 4049 1969 4120 XXXVI).
1987 4082 2022 4095 -

570 4138 767 4196 'l'heodosiauo
779 4140 898 4212 corpori,
917 4140 997 4199 cuius
1009 4139 1196 4214 praescriptio
1210 4139 1304 4213 periit,
1323 4137 1523 4196 subscribitur:
1542 4138 1647 4209 explicit
1662 4137 1842 4194 Theodosiani
1859 4139 2023 4195 mintitrrtio

570 4244 638 4283 num
656 4227 723 4284 liber
733 4233 824 4284 amris
839 4228 953 4284 decimus
970 4229 1090 4297 feliciter,
1110 4226 1192 4284 libris
1209 4226 1326 4299 reliquis
1343 4225 1464 4300 singulis
1484 4226 1591 4295 explicit
1609 4226 1673 4281 liber
1685 4226 1809 4296 1111(et
1820 4225 1860 4282 sic
1873 4225 2023 4302 deinceps),

569 4314 667 4386 incipit
685 4315 752 4371 liber
765 4314 792 4370 V
801 4316 843 4384 (et
854 4315 894 4372 sic
907 4315 1063 4387 deinceps);
1083 4319 1230 4386 praeterea
1248 4313 1362 4386 paginis
1374 4311 1518 4384 plerisque
1530 4311 1758 4383 superscribitur:
1774 4311 1872 4369 lbeod.
1881 4313 1948 4368 liber
1957 4313 2027 4368 ΠΗ

568 4404 610 4471 (st
635 4401 675 4457 sic
702 4401 852 4474 deinceps).
898 4403 1036 4460 Similiter
1056 4401 1178 4458 novellis
1199 4400 1352 4456 Theodosii
1371 4401 1396 4454 ll
1423 4397 1636 4469 praescribitur:
1663 4399 1757 4466 incipit
1780 4399 1947 4454 novellarum
1969 4399 2024 4454 dini

572 4486 753 4543 (theodoriani
765 4488 827 4558 (sic)
843 4490 942 4559 Aproni
959 4489 1024 4543 liber
1037 4489 1145 4558 mmsis
1163 4487 1226 4555 (sic)
1243 4487 1355 4557 feliciter
1372 4501 1459 4551 anien,
1478 4483 1674 4565 subscribitur:
1694 4484 1800 4551 explicit
1818 4473 2024 4539 novellarum-b

571 4572 776 4628 theodosianae
797 4573 918 4643 feliciter,
943 4573 1057 4645 paginis
1087 4571 1263 4627 inscribitur:
1286 4571 1454 4626 novellarum
1480 4567 1536 4621 diri
1563 4569 1653 4622 Ybeod
1681 4566 1879 4637 (theodosiani
1904 4586 1931 4638 p.
1951 4568 2022 4638 222).

463 4715 467 4721 ,
568 4656 641 4714 Item
667 4658 787 4714 novellis
805 4657 1000 4715 Valentiniani
1020 4658 1060 4712 lll
1078 4655 1299 4728 praescribitur:
1326 4655 1424 4723 incipit
1448 4653 1615 4707 nouellarvnn
1637 4652 1693 4706 dini
1714 4651 1901 4707 Valentiniani
1923 4653 2024 4722 Apias·

568 4743 687 4810 selicber
704 4760 794 4814 anns,
815 4742 1015 4800 subscribitur:
1037 4742 1143 4810 finiant
1161 4741 1279 4796 noadbse
1296 4741 1362 4811 lepos
1380 4738 1436 4793 ilici
1454 4736 1642 4791 Valentiniani
1659 4737 1770 4804 Aptasti,
1793 4735 1907 4806 paginis
1929 4735 2023 4792 inscri-

569 4828 659 4885 bitur:
681 4830 846 4886 novellarum
862 4829 918 4886 dici
934 4828 1132 4886 Valentiniani.
1170 4827 1241 4883 Item
1264 4825 1385 4882 novellis
1403 4820 1542 4879 Marciani
1563 4821 1778 4892 praescribitur:
1802 4822 1939 4890 incipiant
1959 4824 2024 4893 lan

569 4913 625 4971 diri
636 4915 780 4971 Marciani
792 4917 890 4986 amisti
906 4915 1022 4985 feliciter
1033 4931 1112 4971 amen
1127 4911 1309 4984 (subscriptio
1327 4911 1432 4982 periit),
1450 4906 1569 4990 paginis
1584 4906 1758 4962 inscribitur:
1777 4906 1924 4965 Marciani.
1952 4909 2023 4965 Item

569 5000 690 5058 novellis
711 5000 876 5059 Maiorianis
900 4998 1099 5073 (praescriptio
1125 4997 1223 5070 periit)
1249 4996 1448 5053 subscribitur:
1475 4995 1570 5063 explict
1593 4993 1708 5048 novellae
1733 4993 1788 5046 divi
1812 4993 1963 5049 Maioriani
1980 4996 2025 5061 A,

571 5087 685 5160 paginis
703 5088 877 5145 inscribitur:
897 5089 1060 5144 Maioriani.
1097 5087 1170 5143 ltem
1187 5083 1307 5140 novellis
1325 5082 1420 5140 Severi
1438 5079 1652 5152 praescribitur:
1674 5079 1812 5147 incipiunt
1834 5081 1950 5135 maella:
1970 5079 2025 5134 dini

569 5172 657 5230 sienni
674 5176 773 5246 Amasti
796 5174 977 5247 (subscriptio
1000 5172 1105 5245 periit).
1142 5170 1275 5241 Sequitur
1299 5169 1399 5235 Gaius,
1422 5167 1468 5224 cui
1492 5165 1668 5237 praescripta
1690 5164 1759 5220 item
1784 5162 1940 5234 perierunt:
1962 5164 2024 5220 suh·

570 5261 720 5334 scriptum:
743 5262 850 5332 implicit
867 5262 933 5317 liber
951 5260 1022 5330 Gai:
1044 5257 1159 5333 paginis
1182 5256 1357 5313 inscribitur:
1380 5254 1443 5311 Gai.
1480 5251 1570 5307 Paulo
1589 5250 1708 5321 denique
1727 5248 1940 5321 praescribitur:
1962 5251 2025 5320 ineis

571 5347 628 5402 Irrli
650 5347 734 5402 Paulli
757 5348 950 5404 sententiarum
973 5363 1007 5404 en
1028 5346 1112 5401 Pauli
1133 5343 1331 5403 sententiarum
1352 5355 1459 5409 corpore
1482 5338 1546 5392 hnic
1567 5339 1641 5408 operi
1662 5337 1786 5393 mnrenit
1803 5334 1909 5391 mnan
1927 5337 2025 5407 quein

571 5417 758 5496 Theodosiana
779 5450 886 5504 corpore
904 5433 1038 5491 eliciendis
1054 5432 1116 5503 (sic)
1134 5432 1228 5488 litibus
1244 5446 1300 5484 aaa
1317 5429 1497 5484 inueniuntur
1514 5427 1630 5482 inserta:
1651 5426 1735 5481 Pauli
1750 5425 1944 5480 :mensumn
1961 5424 2026 5480 liber
