5250 6350
1203 576 1418 636 -cxx-

580 738 779 813 compilatores
801 738 953 798 laudantur
971 741 1087 814 propter
1104 738 1240 812 ambigua
1258 736 1491 795 constitutionum
1515 740 1644 808 remota),
1668 735 1722 794 hac
1746 741 1888 812 potestate
1912 734 1941 795 in
1963 735 2033 811 ipsis

579 830 663 887 rebus
685 846 747 886 raro
769 833 799 886 et
821 827 923 887 leuiter
945 828 989 885 usi
1015 828 1145 886 sidentur
1168 844 1236 885 csse.
1277 825 1359 885 Certa
1384 832 1580 900 argumentum
1605 831 1733 886 consulto
1756 847 1774 885 a
1800 826 2034 901 compilatoribus

580 922 720 974 mutatum
739 936 798 974 esse
816 918 929 990 repperi
952 933 1008 974 uno
1025 916 1085 973 solo
1103 918 1178 981 loco;
1200 916 1312 973 scilicet
1334 923 1422 987 caput
1445 917 1519 989 legis
1536 917 1652 974 lionorii
1671 917 1706 973 de
1724 916 1848 989 captivis
1865 916 2033 973 redimendis

580 1002 670 1071 (Siros.
685 1005 728 1071 16)
747 1003 788 1060 ita
806 1003 987 1060 immutatum
1005 1007 1049 1058 est
1067 1021 1084 1058 a
1102 1002 1214 1073 collega
1231 1000 1545 1072 Constantinopolitano
1562 1002 1604 1070 (0.
1617 1003 1670 1058 Tb.
1683 1005 1708 1069 5,
1718 1006 1742 1069 7,
1751 1004 1792 1071 2):

1583 1132 1747 1189 maenius
1764 1133 1809 1190 11:

1395 1237 1570 1296 Christianos
1595 1238 1782 1310 proximorum
1809 1240 1932 1296 locorum
1959 1236 2034 1294 rolu-

842 1131 997 1189 Honorias:

614 1234 792 1293 Christianae
802 1236 967 1310 [religionis]
979 1238 1140 1294 sacerdotes
1152 1237 1254 1294 vicino·

580 1344 640 1382 rum
659 1327 689 1381 et
705 1324 893 1398 proximorum
906 1327 1029 1383 locorum
1044 1323 1179 1382 ecclesias
1191 1324 1255 1381 reti·
1360 1345 1421 1383 runs
1434 1326 1517 1384 buius
1529 1327 1569 1384 rei
1586 1326 1805 1385 sollicitudinem
1817 1346 1926 1401 gererer
1946 1325 2033 1384 curia·

581 1419 680 1471 nentes
787 1415 907 1473 curiales
930 1432 1041 1487 quoque
1065 1413 1254 1486 proximarum
1361 1413 1402 1471 les
1418 1434 1529 1487 quoque
1548 1416 1737 1489 proximarum
1756 1415 1906 1473 civilaturu
1925 1414 2034 1490 placuit

581 1502 730 1559 civitatum
748 1501 859 1575 placuit
877 1502 1033 1569 admoneri,
1057 1505 1091 1558 ut
1114 1519 1256 1575 emergeu·
1361 1503 1517 1572 admoueri,
1541 1508 1573 1559 ut
1591 1505 1798 1578 emergentibus
1816 1505 1924 1562 talibus
1942 1504 2034 1562 causis

581 1590 657 1647 tibus
682 1592 783 1649 talium
807 1592 1009 1651 necessitatum
1034 1589 1127 1646 causis
1150 1590 1256 1649 adeant
1361 1589 1453 1649 sciant
1471 1591 1543 1665 legis
1561 1597 1674 1649 nostrae
1692 1592 1829 1650 auxilium
1845 1593 2035 1650 deserendum.

580 1676 688 1734 iudices
706 1679 777 1750 legis
796 1685 907 1735 nostrae
925 1677 1062 1734 auxilium
1082 1675 1209 1747 petituri.

581 1795 737 1865 Imperator
759 1796 907 1851 Ravennae
930 1815 994 1850 cum
1018 1796 1081 1866 lege
1103 1795 1182 1850 laesa
1202 1801 1262 1852 tam
1286 1798 1465 1867 presbyteros
1486 1815 1571 1867 quam
1594 1799 1714 1853 curiales
1736 1818 1793 1854 rem
1817 1799 1854 1853 ad
1879 1797 2035 1869 praesidem

581 1880 680 1936 iubeat
697 1881 815 1948 deferre,
839 1879 1172 1951 Constantinopolitanus
1190 1885 1324 1951 utrosque
1342 1881 1473 1937 similiter
1490 1883 1621 1937 bortatur
1639 1883 1693 1949 ita,
1717 1887 1750 1938 ut
1774 1882 1911 1954 praesidis
1929 1882 2035 1939 mentio

581 1964 774 2037 supprimatur
797 1972 827 2023 et
848 1968 1023 2038 privatorum
1044 1965 1137 2037 magis
1161 1965 1255 2036 pietas
1279 1966 1308 2021 in
1332 1967 1470 2025 auxilium
1494 1971 1616 2023 vocetur.
1652 1969 1696 2023 sd
1716 1968 1801 2024 uerba
1824 1969 1898 2038 quod
1922 1969 2036 2033 attinet,

581 2050 762 2109 inveniuntur
779 2053 932 2123 aliquoties
955 2051 1133 2121 (masaa)
1155 2051 1351 2108 adlocutiones
1373 2053 1458 2109 tertio
1480 2072 1548 2110 casu
1572 2054 1724 2125 singularis
1743 2056 1784 2111 ita
1801 2055 1980 2119 enuntiatae,
2004 2058 2037 2109 ut

582 2137 755 2195 desideretur
770 2138 904 2210 dignitas,
924 2139 1058 2208 adquam
1077 2137 1204 2205 retertur,
1223 2136 1291 2193 item
1309 2137 1359 2193 bie
1377 2138 1436 2193 illic
1455 2139 1539 2196 verba
1558 2139 1698 2211 leguntur,
1717 2158 1789 2210 quae
1802 2157 1859 2210 quo
1877 2140 2038 2211 pertineant

581 2224 611 2279 iu
629 2224 738 2281 relictis
755 2242 810 2280 nou
828 2231 951 2297 apparet
961 2228 1014 2293 (15,
1027 2226 1049 2291 l,
1059 2223 1101 2289 bd,
1111 2225 1139 2278 t:
1157 2239 1245 2293 nsprn
1262 2223 1417 2294 dictoriam).
1447 2225 1524 2281 Haec
1541 2231 1574 2282 ul
1590 2226 1676 2282 facile
1689 2226 1897 2282 excusabuntur
1909 2226 1938 2281 in
1950 2242 2038 2298 opera

581 2308 657 2367 inter
679 2311 853 2368 ordinatores
875 2315 906 2367 et
929 2310 1060 2367 librarios
1081 2308 1185 2375 divisa,
1210 2326 1381 2381 magnopere
1403 2311 1549 2367 offendunt
1571 2312 1627 2368 loci
1649 2313 1767 2369 licenter
1784 2318 1814 2370 et
1835 2311 1966 2384 imperite
1988 2313 2037 2367 im·

582 2397 685 2453 mutati
709 2400 740 2452 et
760 2397 884 2455 iurando
907 2400 937 2454 et
959 2395 1167 2468 transponendo
1191 2396 1332 2468 corrupti:
1358 2397 1388 2452 id
1409 2397 1485 2467 quod
1508 2416 1571 2454 cum
1596 2397 1667 2454 alibi
1692 2398 1797 2469 passirn
1819 2403 1953 2469 apparet,
1977 2402 2037 2453 turn

583 2481 748 2552 praesertim
767 2481 843 2555 leges
861 2483 935 2540 inira
953 2483 1064 2555 positae
1081 2481 1245 2555 geminatae
1264 2483 1442 2550 confirmant,
1464 2501 1582 2554 quarum
1607 2484 1690 2540 binae
1714 2484 1821 2555 primae
1840 2483 1910 2540 adeo
1932 2483 2038 2539 inveni·

582 2572 667 2624 untur
685 2568 765 2626 iuxta
783 2570 900 2642 positae.
957 2631 958 2634 ,

855 2693 892 2755 16,
904 2690 986 2755 aas:

617 2787 693 2846 idem
713 2789 770 2847 ΛΑ.
783 2790 914 2848 Caesario
934 2793 999 2868 pp‘o.

618 2876 661 2933 Ne
680 2877 914 2937 Ilunorniunorum
934 2886 1017 2940 tanta
1035 2879 1178 2937 dementia
1199 2896 1259 2951 per·

582 2970 704 3031 sereret,
728 2966 859 3023 sublimis
876 2967 1089 3042 magnificentia
1111 2972 1161 3024 tna
1184 2966 1260 3021 omui

583 3050 678 3107 studio
707 3057 838 3110 auctores
865 3055 1048 3124 doctoresque
1074 3051 1260 3108 Eunomiano

584 3153 644 3191 rum
663 3137 834 3210 investigare
853 3141 977 3207 festinet,
997 3140 1149 3210 clericique
1164 3156 1260 3196 eorum

584 3222 712 3288 mamare,
729 3241 848 3293 quornm
864 3226 941 3281 furor
953 3231 1069 3282 tantum
1084 3224 1176 3280 suasit
1189 3240 1260 3279 erro-

583 3323 653 3372 rem,
677 3308 711 3363 de
736 3308 904 3385 ciuitatibus
922 3311 1067 3380 pellantur
1084 3315 1209 3366 extorres
1231 3313 1261 3363 et

585 3392 715 3447 humanis
734 3393 861 3449 coetibus
879 3399 1069 3466 segregentur.

619 3477 712 3532 Datli
723 3477 823 3532 latini.
830 3477 1200 3552 eomnntinopolisrendio
1207 3478 1260 3532 1111

585 3567 615 3619 et
632 3563 755 3620 Honorio
776 3564 815 3620 ιιι
835 3565 893 3619 ΑΔ.
912 3582 1000 3621 conss.

860 3713 932 3776 rac,
944 3715 991 3763 dd:

622 3806 699 3862 Idem
717 3807 776 3864 ΔΑ.
795 3809 964 3867 Heracliano
982 3828 1051 3866 com.
1064 3809 1185 3865 Africae.

620 3891 719 3947 Sciant
735 3892 839 3960 cuncti,
858 3894 907 3962 qni
925 3895 963 3949 ad
979 3894 1051 3950 ritus
1069 3912 1134 3949 suos
1152 3891 1261 3949 haeresi

584 3977 638 4045 (ccl
655 3976 715 4042 -sisl
733 3978 944 4049 superstitionis
962 3979 1153 4051 obrepserant,
1172 3997 1263 4035 saero-

585 4067 702 4120 sanctae
720 4061 792 4137 legis
810 4063 924 4121 inimici
937 4065 1102 4136 plectendos
1122 4083 1152 4121 se
1171 4082 1263 4137 poena

585 4157 616 4209 et
630 4149 842 4225 prescribtionis
854 4155 884 4210 et
897 4151 1052 4226 sanguinis,
1070 4153 1094 4210 si
1111 4152 1187 4209 ultra
1200 4170 1263 4208 con·

586 4239 681 4298 venire
701 4257 751 4313 per
765 4239 911 4313 publicum
927 4240 1074 4301 exercendi
1090 4239 1204 4298 sceleris
1220 4239 1263 4296 sui

587 4327 749 4386 temeritate
770 4331 986 4401 temptaverint,
1010 4349 1044 4387 ua
1063 4347 1120 4400 qua
1139 4346 1206 4385 sera
1224 4327 1263 4384 di-

588 4415 708 4485 cinaque
730 4416 889 4473 reverentia
911 4416 1079 4488 contagione
1102 4419 1263 4472 temeretur.

638 4501 703 4557 Dat
716 4501 782 4556 v111
800 4503 828 4557 k.
841 4502 918 4573 Sept.
933 4502 1055 4557 Honorio
1074 4501 1098 4554 X
1122 4505 1152 4555 et
1173 4500 1264 4554 'I'beo

587 4585 665 4642 dosio
678 4587 717 4640 VI
736 4587 793 4642 ΛΑ.
812 4604 899 4642 conss.

880 4712 974 4774 7,d‚1.'

623 4806 712 4878 lmpp.
719 4805 936 4864 Valentinianus
947 4812 977 4865 et
985 4807 1090 4864 Valens
1100 4806 1137 4863 ad
1147 4808 1263 4863 Mamer·

589 4893 679 4949 tinum
699 4899 764 4965 pm).

622 4979 687 5036 Sive
706 4998 739 5036 ex
758 4979 959 5052 principalium
981 4980 1043 5037 sive
1064 4998 1097 5037 cx
1115 4981 1264 5035 bonorato-

588 5086 649 5122 rum
666 5084 781 5121 nnmero
798 5068 944 5138 susceptor
958 5066 1078 5122 vestium
1096 5066 1264 5128 nominatur,

588 5150 717 5219 exceptis
736 5151 870 5205 videlicet
887 5151 940 5214 bis,
958 5150 1007 5218 qui
1029 5149 1175 5218 palatinae
1194 5148 1265 5200 mili·

589 5234 647 5289 tiae
671 5233 831 5304 privilegiis
853 5234 1012 5299 fulciantur
1031 5233 1075 5287 rel
1093 5231 1143 5301 qui
1165 5229 1266 5285 officiis

588 5336 622 5374 ac
640 5317 804 5373 ministeriis
823 5317 966 5388 perfuncti
990 5315 1092 5371 merito
1113 5312 1265 5383 stipendio·

588 5423 649 5462 rum
662 5402 806 5466 consecuti
824 5407 891 5457 sunt
903 5400 1067 5472 dignitates,
1086 5404 1116 5455 et
1136 5396 1179 5452 vir
1196 5413 1266 5466 sprc-

1642 2692 1682 2754 ld,
1691 2693 1715 2754 d,
1725 2690 1767 2742 ar:

1401 2789 1476 2845 Idem
1495 2789 1552 2846 ΛΑ.
1566 2788 1698 2847 Caesario
1715 2793 1781 2864 ppo.

1400 2878 1536 2935 ductores
1551 2878 1733 2950 doctoresque
1747 2875 1980 2935 Eunomiaoorum
1999 2876 2038 2933 lu·

1365 2964 1469 3021 cinorie
1480 2966 1646 3038 investigati
1659 2964 1810 3035 clericique
1827 2963 1956 3029 maxime,
1972 2980 2039 3033 quo·

1365 3070 1425 3106 rum
1439 3052 1515 3106 furor
1527 3055 1640 3107 tantum
1651 3052 1742 3107 suasit
1758 3067 1886 3115 errorem,
1904 3068 1920 3105 e
1939 3048 2038 3106 cirita·

1366 3136 1444 3194 tibus
1463 3137 1608 3208 pellantur
1624 3141 1756 3193 extorres.

1400 3478 1465 3533 Ilat
1484 3477 1523 3530 xl
1548 3477 1576 3532 k.
1594 3476 1661 3532 bini.
1680 3474 1925 3546 Constantinopoli
1956 3476 2040 3531 Arca·

1366 3562 1413 3618 dio
1434 3562 1488 3617 IIII
1506 3567 1536 3617 et
1554 3561 1676 3617 Honorio
1697 3561 1734 3615 Ill
1755 3563 1812 3618 ΛΑ.
1831 3579 1919 3616 conss.

1646 3709 1684 3769 ra,
1691 3710 1715 3769 ὀ,
1724 3709 1754 3757 61
1760 3717 1768 3756 .'

1403 3805 1481 3860 Idem
1497 3805 1554 3858 ΔΑ.
1573 3804 1743 3860 Heracliano
1761 3820 1831 3858 com.
1844 3802 1964 3860 Africae.

1403 3889 1524 3943 Orncnlo
1547 3887 1662 3959 penitus
1686 3890 1804 3953 remoto,
1829 3904 1885 3956 quo
1908 3889 1946 3943 ad
1970 3888 2043 3943 ritus

1368 3991 1433 4028 suos
1450 3972 1611 4029 baereticae
1628 3970 1837 4042 superstitionis
1849 3971 2041 4042 obrepserant,

1368 4059 1461 4115 sciant
1484 4076 1579 4114 omnes
1601 4061 1717 4113 mactae
1739 4056 1813 4128 legis
1834 4056 1943 4112 inimici
1968 4058 2043 4129 plec-

1369 4146 1468 4203 tendos
1489 4162 1519 4201 se
1537 4162 1628 4217 poena
1649 4147 1680 4200 et
1703 4141 1913 4216 prescribtionis
1932 4148 1961 4201 et
1978 4161 2040 4201 san·

1368 4233 1475 4309 guinis,
1501 4231 1525 4290 si
1551 4232 1628 4291 ultra
1652 4230 1801 4288 convenire
1824 4247 1874 4302 per
1897 4230 2042 4303 publicum

1370 4322 1526 4379 execranda
1543 4319 1657 4379 sceleris
1674 4317 1718 4375 sni
1741 4317 1903 4376 tamentate
1921 4322 2043 4392 tempta·

1370 4412 1471 4549 mliii:
1482 4492 1549 4546 VIII
1568 4491 1595 4544 k.
1608 4489 1685 4560 Sept.
1699 4489 1809 4545 Verane
1828 4508 1854 4546 v.
1865 4507 1889 4543 c.
1901 4506 1975 4544 cons

1652 4699 1723 4760 126,
1733 4700 1765 4747 4.·

1408 4795 1722 4870 lnrpp.Valentinianns
1731 4795 1872 4850 etValens
1882 4792 1919 4848 ad
1928 4794 2044 4852 Mamer·

1372 4888 1463 4944 tinum
1482 4890 1547 4958 pp—o.

1407 4973 1450 5027 Αιι
1465 4971 1554 5026 virum
1571 4967 1750 5024 dasisdmsna
1768 4965 1960 5036 proconsulem
1973 4967 2044 5022 Atri-

1372 5078 1422 5115 cae
1434 5057 1496 5112 dari
1509 5057 1622 5112 litteras
1634 5051 1769 5116 iubemus,
1789 5056 1829 5115 ut,
1848 5049 1908 5104 sive
1924 5066 1957 5104 er
1971 5050 2044 5120 prin·

1372 5143 1513 5210 cipulibus
1531 5141 1590 5192 sire
1609 5154 1643 5190 cx
1656 5136 1854 5188 bonoratorum
1866 5149 1979 5186 numero
1994 5151 2045 5201 pro

1371 5223 1473 5279 merito
1497 5220 1561 5276 fidei
1586 5234 1655 5272 snae
1673 5215 1883 5281 industriaeque
1900 5219 2046 5283 ssrsceptor

1374 5306 1495 5364 vestium
1513 5304 1622 5358 electus
1640 5300 1734 5363 luerit,
1753 5296 1911 5352 huiusmodi
1929 5299 2046 5352 necessi·

1373 5391 1444 5450 tutis
1463 5388 1603 5444 sarcinam
1625 5401 1681 5439 uno
1704 5381 1853 5438 dumtaxat
1875 5397 1947 5436 anno
1965 5382 2046 5437 sueti·
