5250 6350
1228 643 1260 659 —-
1296 605 1402 676 xxvii
1436 641 1471 663 -ι

655 761 916 828 aauooallrrvs
1139 773 1420 834 THEODOSIANVS
1724 772 1964 842 lvbrlalsilvb

988 894 1238 954 innocuorum
1261 898 1370 955 LIBER
1393 899 1552 957 nacluvs
1573 900 1713 959 SEXTVS

980 997 993 1051 l
1014 1000 1048 1054 de
1066 1000 1119 1055 ilde
1137 1000 1280 1057 catholica
1612 1005 1659 1071 1‚1
1679 1005 1713 1061 de
1725 1023 1833 1061 summa
1846 1006 1976 1063 trinitate
1992 1009 2022 1063 at
2039 1008 2074 1065 de

1661 1088 1715 1145 ilde
1733 1088 1876 1146 catholica
1894 1093 1925 1147 et
1942 1094 1976 1147 at
1992 1110 2074 1149 namo

1661 1170 1696 1224 ds
1721 1187 1756 1227 ea
1781 1173 1948 1230 contendere
1970 1175 2076 1231 audeat

1611 1253 1660 1319 bl
1679 1254 1714 1312 de
1737 1256 1923 1313 woeanctis
1948 1258 2075 1316 ecclesiis

1662 1341 1692 1397 at
1714 1340 1748 1398 de
1766 1342 1849 1400 rebus
1867 1346 1899 1401 et
1916 1342 2076 1419 privilegiis

1661 1442 1757 1483 aarum

1612 1511 1663 1580 bd
1687 1512 1722 1571 de
1746 1513 1887 1588 episcopis
1912 1520 1943 1574 st
1966 1517 2076 1575 clericis

1663 1602 1779 1657 ....et
1795 1602 1941 1659 monachis
1957 1609 2002 1659 cd.

981 1682 1051 1738 lde
1073 1682 1118 1738 his
1139 1682 1189 1754 qui
1211 1701 1295 1755 super
1317 1684 1454 1759 religione
1472 1688 1584 1744 conmu-
1612 1685 1662 1751 1,4
1734 1687 1768 1742 ut
1777 1704 1859 1745 nemo
1872 1689 1906 1746 de
1917 1687 2075 1763 (religione)

1017 1767 1088 1825 dunt
1663 1773 1832 1830 contendere
1849 1775 1955 1832 audeat

983 1854 1053 1912 bde
1071 1854 1223 1914 haereticis
1613 1857 1663 1926 1‚5
1688 1856 1723 1915 de
1748 1857 1901 1918 haereticis
1929 1865 1960 1920 et
1988 1862 2076 1920 biani-

1663 1944 1759 2005 chaais
1776 1950 1807 2006 at
1823 1947 1972 2008 Samaritis

983 2030 1052 2090 dne
1070 2034 1198 2090 sanctum
1217 2032 1360 2107 baptisma
1378 2031 1497 2090 iteretur
1615 2033 1663 2099 ta
1681 2056 1715 2081 ει

984 2118 1052 2177 'lde
1071 2118 1211 2192 apostatis
1614 2120 1663 2185 l,'l
1682 2144 1715 2169 =

982 2205 1000 2260 8
1018 2205 1052 2262 de
1066 2204 1184 2273 ludaeis,
1203 2205 1346 2262 caelicolis
1359 2209 1388 2262 et
1399 2205 1585 2264 Samaritams
1614 2206 1663 2274 1,a
1681 2206 1716 2263 da
1734 2206 1846 2263 ludaeis
1863 2212 1893 2266 et
1911 2211 2053 2268 caelicolis

983 2290 1052 2347 bna
1067 2290 1259 2347 Christianum
1276 2290 1448 2362 mancipium
1466 2292 1586 2349 Iudaeus
1614 2292 1681 2358 1,10
1702 2309 1738 2349 ua
1760 2292 1951 2349 Christiamm
1974 2297 2077 2352 manci·

1018 2375 1125 2431 habeat
1664 2374 1744 2445 pium
1756 2374 1917 2434 haereticus
1930 2380 1974 2436 vel
1991 2399 2077 2452 paga

1664 2477 1716 2514 nus
1727 2460 1771 2515 rel
1782 2460 1901 2516 iudaeus
1912 2463 2019 2518 habeat
2031 2470 2076 2519 ost.

967 2540 999 2595 10
1017 2540 1051 2596 dc
1070 2540 1198 2612 paganis,
1216 2540 1362 2597 sacrificiis
1379 2545 1409 2598 ct
1427 2542 1542 2614 templis
1614 2544 1679 2609 l,ll
1700 2566 1733 2591 =

967 2627 996 2681 ll
1016 2626 1051 2681 de
1069 2624 1205 2698 religione

980 1390 997 1444 2
1017 1390 1051 1446 de
1068 1389 1217 1462 episcopis,
1236 1389 1364 1449 ecclesiis
1381 1393 1412 1449 et
1430 1393 1538 1452 clericis

981 1476 998 1531 3
1016 1476 1050 1533 de
1068 1476 1213 1534 monachis

719 2991 751 3048 ln
772 2990 828 3048 hac
846 2990 946 3050 tabula
963 3005 1132 3062 quamquam
1154 3006 1206 3059 per
1222 2987 1327 3060 primos
1344 2988 1467 3061 quinque
1489 2990 1575 3047 libros
1597 2990 1726 3049 mbricae
1748 2991 1855 3050 multas
1877 2991 2079 3061 desiderantur,

632 3096 704 3150 quac
725 3078 838 3135 inerunt
855 3076 884 3134 in
903 3075 1101 3134 Theodosiana
1120 3074 1230 3148 integro
1249 3075 1303 3144 (ita
1321 3076 1421 3133 tertius
1441 3076 1513 3135 liber
1531 3076 1631 3136 titulos
1652 3078 1755 3135 habuit
1776 3078 1895 3153 triginta
1912 3079 1993 3147 duos,
2014 3098 2081 3152 qao·

631 3185 693 3222 rum
711 3168 861 3238 supersunt
876 3183 948 3221 unus
969 3167 999 3221 et
1017 3161 1148 3236 viginti),
1171 3161 1240 3218 item
1266 3162 1296 3218 in
1317 3161 1391 3220 libro
1412 3166 1514 3221 actara
1534 3167 1658 3222 extremo
1676 3164 1787 3236 aliquot
1804 3165 1937 3223 ridentur
1956 3165 2081 3239 periisse,

632 3252 813 3309 nihilominus
836 3254 959 3325 apparet
979 3249 1205 3308 Theodosianum
1228 3267 1279 3322 per
1301 3250 1388 3307 libros
1413 3252 1590 3307 11.111.1111
1614 3251 1783 3324 dispositum
1810 3270 1870 3310 esse
1895 3253 1933 3309 ad
1955 3253 2081 3311 ordinem

632 3338 719 3398 edicti
734 3338 874 3412 praetoris
886 3337 986 3396 urbani
1002 3337 1154 3409 aliquoties
1166 3339 1260 3393 umen
1276 3336 1488 3409 amplificatum,
1510 3340 1543 3395 ut
1559 3337 1589 3394 in
1607 3338 1727 3396 sennan
1745 3340 1824 3395 locus
1841 3336 1877 3396 de
1889 3336 2081 3398 iurisdictione

632 3430 807 3496 anabaust,
830 3425 859 3484 in
877 3426 962 3486 tertio
980 3445 1035 3485 non
1053 3427 1088 3486 de
1104 3444 1135 3484 ro
1153 3424 1251 3483 uxoria
1268 3427 1329 3483 sola
1347 3425 1456 3501 agitur,
1478 3427 1527 3486 sed
1544 3427 1579 3487 de
1596 3426 1726 3486 universo
1744 3427 1803 3485 iure
1821 3427 1991 3501 nuptiarum
2026 3426 2081 3486 Sed

632 3514 669 3570 ad
688 3514 762 3571 hane
780 3519 891 3589 partem
909 3515 1058 3574 edictalem
1078 3518 1257 3574 accesserunt
1278 3531 1404 3587 eaquae
1423 3515 1601 3574 continentur
1618 3518 1678 3574 tam
1700 3515 1728 3572 in
1746 3515 1820 3573 libro
1840 3514 1931 3589 primo
1949 3533 2033 3587 quam
2051 3515 2081 3572 in

633 3601 780 3661 duodecim
806 3601 1015 3675 posterioribus
1056 3604 1088 3659 ln
1113 3602 1148 3660 iis
1171 3620 1244 3674 quae
1269 3603 1421 3677 praecipue
1442 3603 1606 3678 agnoscitur
1628 3603 1769 3663 ordinatio
1794 3606 1871 3676 (uam
1894 3622 1948 3662 non
1973 3621 2082 3677 paneae

634 3688 764 3749 rubricas
782 3689 829 3746 rix
848 3690 884 3746 ad
902 3689 1027 3762 aliquam
1045 3689 1137 3764 legem
1155 3692 1260 3746 certam
1278 3690 1355 3765 exigi
1373 3692 1516 3764 poterunt)
1531 3691 1603 3748 haeo
1620 3693 1671 3750 cst

801 3794 822 3860 1,
843 3794 909 3849 1-4
927 3795 961 3850 de
979 3793 1039 3850 iure
1056 3797 1087 3851 et
1104 3793 1215 3866 legibus

844 3879 931 3934 5-84
948 3880 983 3936 de
1000 3878 1215 3951 magistratibus
1233 3879 1497 3939 administrantibus
1514 3877 1629 3950 (similia
1647 3878 1735 3935 etiam
1752 3877 1876 3935 edictum
1894 3876 1924 3933 in
1941 3876 2083 3949 principio

944 3964 1057 4034 habuit)
1629 3982 1632 3990 ·

795 4049 828 4116 V,
848 4050 916 4104 1-4
933 4051 968 4106 de
986 4048 1194 4107 hereditatibus
1211 4050 1281 4106 iuris
1298 4051 1391 4107 civilis

827 4136 929 4192 12-19
948 4135 983 4193 de
1001 4136 1095 4192 lundis
1115 4135 1275 4208 colonisque
1294 4136 1540 4210 patrimonialibus

776 4222 814 4278 vl
833 4225 910 4279 totus
928 4223 963 4280 de
980 4222 1170 4296 dignitatibus

759 4308 812 4364 Vll
830 4312 908 4365 totus
926 4309 961 4366 de
980 4327 1009 4365 re
1026 4309 1144 4366 militari

747 4395 822 4461 vm,
842 4397 924 4454 l—ll
945 4396 979 4452 de
998 4396 1211 4468 apparitoribus

826 4481 928 4535 12-15
946 4479 981 4535 de
998 4479 1199 4536 donationibus

826 4562 929 4618 ra-ra
949 4562 985 4617 de
1003 4562 1147 4619 caelibatu
1165 4568 1195 4620 et
1211 4561 1335 4620 orbitate
1354 4565 1384 4619 ct
1400 4561 1436 4618 de
1452 4560 1550 4618 liberis

738 4645 819 4703 v1111
838 4651 916 4704 totus
933 4646 967 4704 de
985 4646 1099 4705 delictis

791 4734 816 4790 X
836 4737 913 4793 totus
931 4733 966 4791 de
985 4733 1044 4793 iure
1062 4734 1121 4792 ilsci

776 4821 823 4892 XI,
845 4824 928 4880 1-28
947 4823 982 4883 de
1000 4823 1117 4882 tributis

825 4909 929 4967 aa-aa
947 4910 982 4970 de
1000 4908 1243 4985 appellationibus

764 4993 817 5054 x11
835 4999 913 5054 totus
930 4999 965 5054 de
983 5017 1013 5056 re
1030 4997 1196 5071 municipali

752 5082 821 5140 Xlll
839 5087 915 5144 totus
933 5086 968 5143 de
986 5086 1187 5143 mercatoribus
1206 5083 1388 5142 naviculariis
1406 5080 1539 5157 agricolis

735 5170 817 5228 xllll
836 5175 912 5230 totus
930 5173 965 5230 de
984 5172 1044 5232 iure
1061 5174 1167 5230 Romae
1185 5171 1445 5244 Constantinopolis
1463 5169 1649 5244 Karthaginis
1666 5168 1854 5227 Alexandriae

768 5258 827 5326 XV,
847 5260 915 5314 1-4
933 5260 967 5317 de
985 5259 1116 5332 operibus
1134 5259 1257 5331 publicis

842 5345 928 5400 5-12
945 5345 980 5401 ds
999 5345 1195 5416 voluptatibus
1213 5344 1312 5417 populi

751 5430 817 5490 XVI
836 5432 913 5489 totns
931 5431 966 5491 ds
983 5432 1066 5491 rebus
1083 5430 1283 5490 ecclesiasticis
