<?xml version="1.0" encoding="UTF-8"?>
<!DOCTYPE html PUBLIC "-//W3C//DTD XHTML 1.0 Transitional//EN"
    "http://www.w3.org/TR/xhtml1/DTD/xhtml1-transitional.dtd">
<html xmlns="http://www.w3.org/1999/xhtml" xml:lang="en" lang="en">
 <head>
  <title>
</title>
<meta http-equiv="Content-Type" content="text/html;charset=utf-8" />
  <meta name='ocr-system' content='tesseract 3.04.00' />
  <meta name='ocr-capabilities' content='ocr_page ocr_carea ocr_par ocr_line ocrx_word'/>
</head>
<body>
  <div class='ocr_page' id='page_1' title='image "./theodosianilibr03sirmgoog_0166.png"; bbox 0 0 5250 6350; ppageno 0'>
   <div class='ocr_carea' id='block_1_1' title="bbox 1263 588 1486 647">
    <p class='ocr_par' dir='ltr' id='par_1_1' title="bbox 1263 588 1486 647">
     <span class='ocr_line' id='line_1_1' title="bbox 1263 588 1486 647; baseline -0.009 0"><span class='ocrx_word' id='word_1_1' title='bbox 1263 618 1295 630; x_wconf 95' lang='lat'><em>-</em></span> <span class='ocrx_word' id='word_1_2' title='bbox 1332 588 1417 647; x_wconf 79' lang='lat' dir='ltr'><strong>0le</strong></span> <span class='ocrx_word' id='word_1_3' title='bbox 1452 619 1486 632; x_wconf 89' lang='lat'><strong>·-</strong></span> 
     </span>
    </p>
   </div>
   <div class='ocr_carea' id='block_1_2' title="bbox 720 745 2095 994">
    <p class='ocr_par' dir='ltr' id='par_1_2' title="bbox 720 745 2095 994">
     <span class='ocr_line' id='line_1_2' title="bbox 722 745 2095 820; baseline 0.003 -18"><span class='ocrx_word' id='word_1_4' title='bbox 722 765 845 805; x_wconf 88' lang='lat' dir='ltr'><strong>vacanen</strong></span> <span class='ocrx_word' id='word_1_5' title='bbox 864 746 924 801; x_wconf 88' lang='lat' dir='ltr'><strong>visa</strong></span> <span class='ocrx_word' id='word_1_6' title='bbox 946 748 996 803; x_wconf 85' lang='lat' dir='ltr'><strong>cat</strong></span> <span class='ocrx_word' id='word_1_7' title='bbox 1033 746 1291 818; x_wconf 73' lang='lat' dir='ltr'><strong>llnraqistratuum</strong></span> <span class='ocrx_word' id='word_1_8' title='bbox 1316 745 1489 820; x_wconf 70' lang='lat' dir='ltr'><strong>temporibus</strong></span> <span class='ocrx_word' id='word_1_9' title='bbox 1506 745 1725 805; x_wconf 67' lang='lat' dir='ltr'><strong>determinandis</strong></span> <span class='ocrx_word' id='word_1_10' title='bbox 1746 747 1885 817; x_wconf 91' lang='lat' dir='ltr'><strong>abstinui,</strong></span> <span class='ocrx_word' id='word_1_11' title='bbox 1908 769 1943 808; x_wconf 91' lang='lat' dir='ltr'><strong>ue</strong></span> <span class='ocrx_word' id='word_1_12' title='bbox 1966 750 2002 807; x_wconf 89' lang='lat' dir='ltr'><strong>ad</strong></span> <span class='ocrx_word' id='word_1_13' title='bbox 2024 769 2095 807; x_wconf 88' lang='lat' dir='ltr'><strong>eom-</strong></span> 
     </span>
     <span class='ocr_line' id='line_1_3' title="bbox 721 832 2095 904; baseline 0 -13"><span class='ocrx_word' id='word_1_14' title='bbox 721 833 872 892; x_wconf 81' lang='lat' dir='ltr'><strong>montarios</strong></span> <span class='ocrx_word' id='word_1_15' title='bbox 894 834 1027 898; x_wconf 78' lang='lat' dir='ltr'><strong>deferrer,</strong></span> <span class='ocrx_word' id='word_1_16' title='bbox 1051 852 1167 904; x_wconf 86' lang='lat' dir='ltr'><strong>sperans</strong></span> <span class='ocrx_word' id='word_1_17' title='bbox 1191 834 1261 898; x_wconf 82' lang='lat' dir='ltr'><strong>lora.</strong></span> <span class='ocrx_word' id='word_1_18' title='bbox 1287 836 1320 889; x_wconf 94' lang='lat' dir='ltr'><strong>ut</strong></span> <span class='ocrx_word' id='word_1_19' title='bbox 1341 832 1494 903; x_wconf 89' lang='lat' dir='ltr'><strong>aliqnando</strong></span> <span class='ocrx_word' id='word_1_20' title='bbox 1515 834 1614 890; x_wconf 91' lang='lat' dir='ltr'><strong>horum</strong></span> <span class='ocrx_word' id='word_1_21' title='bbox 1637 853 1746 904; x_wconf 93' lang='lat' dir='ltr'><strong>quoque</strong></span> <span class='ocrx_word' id='word_1_22' title='bbox 1771 836 1944 892; x_wconf 89' lang='lat' dir='ltr'><strong>saeculorum</strong></span> <span class='ocrx_word' id='word_1_23' title='bbox 1968 836 2095 893; x_wconf 89' lang='lat' dir='ltr'><strong>idoneam</strong></span> 
     </span>
     <span class='ocr_line' id='line_1_4' title="bbox 720 918 2051 994; baseline 0.002 -17"><span class='ocrx_word' id='word_1_24' title='bbox 720 918 990 994; x_wconf 79' lang='lat' dir='ltr'><strong>prosopographianr</strong></span> <span class='ocrx_word' id='word_1_25' title='bbox 1008 920 1208 986; x_wconf 71' lang='lat' dir='ltr'><strong>nanciscamur,</strong></span> <span class='ocrx_word' id='word_1_26' title='bbox 1227 938 1299 989; x_wconf 90' lang='lat' dir='ltr'><strong>quae</strong></span> <span class='ocrx_word' id='word_1_27' title='bbox 1317 921 1378 976; x_wconf 89' lang='lat' dir='ltr'><strong>sola</strong></span> <span class='ocrx_word' id='word_1_28' title='bbox 1397 920 1441 975; x_wconf 92' lang='lat' dir='ltr'><strong>his</strong></span> <span class='ocrx_word' id='word_1_29' title='bbox 1459 920 1672 990; x_wconf 72' lang='lat' dir='ltr'><strong>quaestionibus</strong></span> <span class='ocrx_word' id='word_1_30' title='bbox 1690 922 1896 992; x_wconf 68' lang='lat' dir='ltr'><strong>pertractandis</strong></span> <span class='ocrx_word' id='word_1_31' title='bbox 1914 926 1984 994; x_wconf 91' lang='lat' dir='ltr'><strong>apta</strong></span> <span class='ocrx_word' id='word_1_32' title='bbox 2000 926 2051 980; x_wconf 88' lang='lat' dir='ltr'><strong>cst</strong></span> 
     </span>
    </p>
   </div>
   <div class='ocr_carea' id='block_1_3' title="bbox 651 1037 2096 1198">
    <p class='ocr_par' dir='ltr' id='par_1_3' title="bbox 651 1037 2096 1198">
     <span class='ocr_line' id='line_1_5' title="bbox 651 1037 2096 1099; baseline 0 -1"><span class='ocrx_word' id='word_1_33' title='bbox 651 1043 700 1098; x_wconf 88' lang='lat' dir='ltr'><strong>ill.</strong></span> <span class='ocrx_word' id='word_1_34' title='bbox 720 1043 763 1097; x_wconf 81' lang='lat' dir='ltr'><strong>hd</strong></span> <span class='ocrx_word' id='word_1_35' title='bbox 781 1044 857 1097; x_wconf 92' lang='lat' dir='ltr'><strong>recte</strong></span> <span class='ocrx_word' id='word_1_36' title='bbox 876 1038 1065 1095; x_wconf 88' lang='lat' dir='ltr'><strong>adhibendum</strong></span> <span class='ocrx_word' id='word_1_37' title='bbox 1084 1038 1251 1093; x_wconf 77' lang='lat' dir='ltr'><strong>laterculum</strong></span> <span class='ocrx_word' id='word_1_38' title='bbox 1271 1037 1385 1094; x_wconf 89' lang='lat' dir='ltr'><strong>tertium</strong></span> <span class='ocrx_word' id='word_1_39' title='bbox 1404 1038 1620 1096; x_wconf 84' lang='lat' dir='ltr'><strong>constitutiones</strong></span> <span class='ocrx_word' id='word_1_40' title='bbox 1638 1044 1846 1096; x_wconf 87' lang='lat' dir='ltr'><strong>enumerantem</strong></span> <span class='ocrx_word' id='word_1_41' title='bbox 1865 1040 1961 1099; x_wconf 89' lang='lat' dir='ltr'><strong>ordine</strong></span> <span class='ocrx_word' id='word_1_42' title='bbox 1983 1042 2096 1098; x_wconf 89' lang='lat' dir='ltr'><strong>chrono-</strong></span> 
     </span>
     <span class='ocr_line' id='line_1_6' title="bbox 721 1124 1131 1198; baseline -0.015 -16"><span class='ocrx_word' id='word_1_43' title='bbox 721 1126 813 1198; x_wconf 77' lang='lat' dir='ltr'><strong>logico</strong></span> <span class='ocrx_word' id='word_1_44' title='bbox 832 1127 954 1182; x_wconf 88' lang='lat' dir='ltr'><strong>tenenda</strong></span> <span class='ocrx_word' id='word_1_45' title='bbox 970 1127 1037 1180; x_wconf 90' lang='lat' dir='ltr'><strong>sunt</strong></span> <span class='ocrx_word' id='word_1_46' title='bbox 1053 1124 1131 1178; x_wconf 86' lang='lat' dir='ltr'><strong>hacc.</strong></span> 
     </span>
    </p>
   </div>
   <div class='ocr_carea' id='block_1_4' title="bbox 714 1233 2097 1484">
    <p class='ocr_par' dir='ltr' id='par_1_4' title="bbox 714 1233 2097 1484">
     <span class='ocr_line' id='line_1_7' title="bbox 714 1233 2097 1308; baseline -0.001 -12"><span class='ocrx_word' id='word_1_47' title='bbox 714 1240 736 1296; x_wconf 89' lang='lat' dir='ltr'><strong>l.</strong></span> <span class='ocrx_word' id='word_1_48' title='bbox 756 1237 908 1295; x_wconf 90' lang='lat' dir='ltr'><strong>Ordinatus</strong></span> <span class='ocrx_word' id='word_1_49' title='bbox 934 1240 977 1293; x_wconf 91' lang='lat' dir='ltr'><strong>est</strong></span> <span class='ocrx_word' id='word_1_50' title='bbox 1002 1234 1155 1293; x_wconf 91' lang='lat' dir='ltr'><strong>laterculus</strong></span> <span class='ocrx_word' id='word_1_51' title='bbox 1179 1233 1312 1306; x_wconf 84' lang='lat' dir='ltr'><strong>primerio</strong></span> <span class='ocrx_word' id='word_1_52' title='bbox 1339 1234 1400 1292; x_wconf 92' lang='lat' dir='ltr'><strong>loco</strong></span> <span class='ocrx_word' id='word_1_53' title='bbox 1425 1235 1462 1291; x_wconf 87' lang='lat' dir='ltr'><strong>ad</strong></span> <span class='ocrx_word' id='word_1_54' title='bbox 1487 1233 1687 1308; x_wconf 88' lang='lat' dir='ltr'><strong>imperatorum</strong></span> <span class='ocrx_word' id='word_1_55' title='bbox 1712 1235 1824 1293; x_wconf 89' lang='lat' dir='ltr'><strong>nomina</strong></span> <span class='ocrx_word' id='word_1_56' title='bbox 1849 1236 2097 1295; x_wconf 86' lang='lat' dir='ltr'><strong>constitutionibus</strong></span> 
     </span>
     <span class='ocr_line' id='line_1_8' title="bbox 755 1321 2097 1400; baseline 0.001 -21"><span class='ocrx_word' id='word_1_57' title='bbox 755 1324 937 1400; x_wconf 82' lang='lat' dir='ltr'><strong>pnrcscripta,</strong></span> <span class='ocrx_word' id='word_1_58' title='bbox 955 1342 1028 1396; x_wconf 83' lang='lat' dir='ltr'><strong>qnae</strong></span> <span class='ocrx_word' id='word_1_59' title='bbox 1045 1340 1177 1395; x_wconf 86' lang='lat' dir='ltr'><strong>expressa</strong></span> <span class='ocrx_word' id='word_1_60' title='bbox 1194 1326 1260 1381; x_wconf 90' lang='lat' dir='ltr'><strong>sunt</strong></span> <span class='ocrx_word' id='word_1_61' title='bbox 1277 1321 1382 1381; x_wconf 87' lang='lat' dir='ltr'><strong>litteris</strong></span> <span class='ocrx_word' id='word_1_62' title='bbox 1399 1321 1561 1390; x_wconf 84' lang='lat' dir='ltr'><strong>maioribus,</strong></span> <span class='ocrx_word' id='word_1_63' title='bbox 1579 1322 1699 1382; x_wconf 88' lang='lat' dir='ltr'><strong>adiectis</strong></span> <span class='ocrx_word' id='word_1_64' title='bbox 1717 1342 1768 1397; x_wconf 92' lang='lat' dir='ltr'><strong>pro</strong></span> <span class='ocrx_word' id='word_1_65' title='bbox 1781 1323 1860 1382; x_wconf 81' lang='lat' dir='ltr'><strong>varia</strong></span> <span class='ocrx_word' id='word_1_66' title='bbox 1875 1324 1996 1384; x_wconf 89' lang='lat' dir='ltr'><strong>lectione</strong></span> <span class='ocrx_word' id='word_1_67' title='bbox 2009 1323 2097 1382; x_wconf 81' lang='lat' dir='ltr'><strong>direr-</strong></span> 
     </span>
     <span class='ocr_line' id='line_1_9' title="bbox 754 1411 1128 1484; baseline -0.013 -12"><span class='ocrx_word' id='word_1_68' title='bbox 754 1413 890 1472; x_wconf 90' lang='lat' dir='ltr'><strong>sitatibus</strong></span> <span class='ocrx_word' id='word_1_69' title='bbox 907 1411 1128 1484; x_wconf 84' lang='lat' dir='ltr'><strong>inscriptionum.</strong></span> 
     </span>
    </p>
   </div>
   <div class='ocr_carea' id='block_1_5' title="bbox 710 1515 2099 1678">
    <p class='ocr_par' dir='ltr' id='par_1_5' title="bbox 710 1515 2099 1678">
     <span class='ocr_line' id='line_1_10' title="bbox 710 1515 2099 1586; baseline -0.001 -10"><span class='ocrx_word' id='word_1_70' title='bbox 710 1517 922 1578; x_wconf 76' lang='lat' dir='ltr'><strong>aseenndsrio</strong></span> <span class='ocrx_word' id='word_1_71' title='bbox 945 1518 1005 1573; x_wconf 93' lang='lat' dir='ltr'><strong>loco</strong></span> <span class='ocrx_word' id='word_1_72' title='bbox 1028 1517 1181 1573; x_wconf 79' lang='lat' dir='ltr'><strong>laterculus</strong></span> <span class='ocrx_word' id='word_1_73' title='bbox 1202 1515 1349 1572; x_wconf 90' lang='lat' dir='ltr'><strong>ordinatus</strong></span> <span class='ocrx_word' id='word_1_74' title='bbox 1371 1518 1415 1573; x_wconf 88' lang='lat' dir='ltr'><strong>cst</strong></span> <span class='ocrx_word' id='word_1_75' title='bbox 1436 1516 1473 1571; x_wconf 86' lang='lat' dir='ltr'><strong>ad</strong></span> <span class='ocrx_word' id='word_1_76' title='bbox 1495 1517 1633 1586; x_wconf 86' lang='lat' dir='ltr'><strong>consules,</strong></span> <span class='ocrx_word' id='word_1_77' title='bbox 1656 1520 1689 1574; x_wconf 92' lang='lat' dir='ltr'><strong>ut</strong></span> <span class='ocrx_word' id='word_1_78' title='bbox 1711 1517 1846 1575; x_wconf 81' lang='lat' dir='ltr'><strong>similiter</strong></span> <span class='ocrx_word' id='word_1_79' title='bbox 1864 1516 1913 1573; x_wconf 93' lang='lat' dir='ltr'><strong>ubi</strong></span> <span class='ocrx_word' id='word_1_80' title='bbox 1936 1516 1965 1572; x_wconf 92' lang='lat' dir='ltr'><strong>in</strong></span> <span class='ocrx_word' id='word_1_81' title='bbox 1983 1515 2018 1572; x_wconf 90' lang='lat' dir='ltr'><strong>iis</strong></span> <span class='ocrx_word' id='word_1_82' title='bbox 2035 1518 2099 1574; x_wconf 94' lang='lat' dir='ltr'><strong>sub·</strong></span> 
     </span>
     <span class='ocr_line' id='line_1_11' title="bbox 755 1601 1586 1678; baseline -0.005 -16"><span class='ocrx_word' id='word_1_83' title='bbox 755 1604 922 1678; x_wconf 83' lang='lat' dir='ltr'><strong>scriptiones</strong></span> <span class='ocrx_word' id='word_1_84' title='bbox 941 1603 1059 1669; x_wconf 88' lang='lat' dir='ltr'><strong>variant,</strong></span> <span class='ocrx_word' id='word_1_85' title='bbox 1077 1602 1106 1658; x_wconf 92' lang='lat' dir='ltr'><strong>id</strong></span> <span class='ocrx_word' id='word_1_86' title='bbox 1125 1620 1176 1673; x_wconf 94' lang='lat' dir='ltr'><strong>pro</strong></span> <span class='ocrx_word' id='word_1_87' title='bbox 1194 1601 1273 1657; x_wconf 71' lang='lat' dir='ltr'><strong>rana</strong></span> <span class='ocrx_word' id='word_1_88' title='bbox 1290 1601 1413 1659; x_wconf 87' lang='lat' dir='ltr'><strong>lectione</strong></span> <span class='ocrx_word' id='word_1_89' title='bbox 1431 1602 1586 1677; x_wconf 66' lang='lat' dir='ltr'><strong>adiciatur.</strong></span> 
     </span>
    </p>
   </div>
   <div class='ocr_carea' id='block_1_6' title="bbox 712 1702 2103 3176">
    <p class='ocr_par' dir='ltr' id='par_1_6' title="bbox 712 1702 2102 2901">
     <span class='ocr_line' id='line_1_12' title="bbox 712 1702 2099 1784; baseline -0.004 -19"><span class='ocrx_word' id='word_1_90' title='bbox 712 1710 737 1765; x_wconf 81' lang='grc'><strong>8.</strong></span> <span class='ocrx_word' id='word_1_91' title='bbox 756 1707 844 1784; x_wconf 76' lang='grc' dir='ltr'><strong>ΑιιιιίἸ</strong></span> <span class='ocrx_word' id='word_1_92' title='bbox 865 1706 937 1771; x_wconf 87' lang='lat' dir='ltr'><strong>dies,</strong></span> <span class='ocrx_word' id='word_1_93' title='bbox 961 1704 1028 1769; x_wconf 83' lang='lat' dir='ltr'><strong>loci,</strong></span> <span class='ocrx_word' id='word_1_94' title='bbox 1053 1708 1216 1775; x_wconf 85' lang='lat' dir='ltr'><strong>acceptores</strong></span> <span class='ocrx_word' id='word_1_95' title='bbox 1238 1704 1282 1759; x_wconf 85' lang='lat' dir='ltr'><strong>ita</strong></span> <span class='ocrx_word' id='word_1_96' title='bbox 1305 1703 1335 1758; x_wconf 91' lang='lat' dir='ltr'><strong>in</strong></span> <span class='ocrx_word' id='word_1_97' title='bbox 1359 1704 1527 1760; x_wconf 87' lang='lat' dir='ltr'><strong>laterculum</strong></span> <span class='ocrx_word' id='word_1_98' title='bbox 1545 1703 1653 1776; x_wconf 84' lang='lat' dir='ltr'><strong>recepti</strong></span> <span class='ocrx_word' id='word_1_99' title='bbox 1671 1708 1750 1770; x_wconf 84' lang='lat' dir='ltr'><strong>suut,</strong></span> <span class='ocrx_word' id='word_1_100' title='bbox 1774 1708 1808 1760; x_wconf 92' lang='lat' dir='ltr'><strong>ut</strong></span> <span class='ocrx_word' id='word_1_101' title='bbox 1830 1704 1962 1761; x_wconf 89' lang='lat' dir='ltr'><strong>inlibris</strong></span> <span class='ocrx_word' id='word_1_102' title='bbox 1984 1702 2099 1773; x_wconf 89' lang='lat' dir='ltr'><strong>scriptis</strong></span> 
     </span>
     <span class='ocr_line' id='line_1_13' title="bbox 755 1786 2098 1860; baseline -0.002 -13"><span class='ocrx_word' id='word_1_103' title='bbox 755 1789 854 1847; x_wconf 88' lang='lat' dir='ltr'><strong>traditi</strong></span> <span class='ocrx_word' id='word_1_104' title='bbox 875 1791 941 1844; x_wconf 89' lang='lat' dir='ltr'><strong>sunt</strong></span> <span class='ocrx_word' id='word_1_105' title='bbox 963 1787 1076 1844; x_wconf 84' lang='lat' dir='ltr'><strong>adiecta</strong></span> <span class='ocrx_word' id='word_1_106' title='bbox 1100 1805 1193 1844; x_wconf 88' lang='lat' dir='ltr'><strong>eorum</strong></span> <span class='ocrx_word' id='word_1_107' title='bbox 1216 1788 1296 1843; x_wconf 82' lang='lat' dir='ltr'><strong>varia</strong></span> <span class='ocrx_word' id='word_1_108' title='bbox 1319 1786 1450 1844; x_wconf 90' lang='lat' dir='ltr'><strong>lectione.</strong></span> <span class='ocrx_word' id='word_1_109' title='bbox 1485 1787 1528 1843; x_wconf 80' lang='lat' dir='ltr'><strong>ad</strong></span> <span class='ocrx_word' id='word_1_110' title='bbox 1554 1787 1671 1845; x_wconf 87' lang='lat' dir='ltr'><strong>eandem</strong></span> <span class='ocrx_word' id='word_1_111' title='bbox 1693 1787 1925 1845; x_wconf 88' lang='lat' dir='ltr'><strong>constitutionem</strong></span> <span class='ocrx_word' id='word_1_112' title='bbox 1943 1807 2016 1858; x_wconf 92' lang='lat' dir='ltr'><strong>quae</strong></span> <span class='ocrx_word' id='word_1_113' title='bbox 2038 1808 2098 1860; x_wconf 86' lang='lat' dir='ltr'><strong>per·</strong></span> 
     </span>
     <span class='ocr_line' id='line_1_14' title="bbox 755 1871 2098 1946; baseline -0.001 -14"><span class='ocrx_word' id='word_1_114' title='bbox 755 1875 879 1933; x_wconf 90' lang='lat' dir='ltr'><strong>tinerent</strong></span> <span class='ocrx_word' id='word_1_115' title='bbox 901 1875 1059 1946; x_wconf 81' lang='lat' dir='ltr'><strong>fragmenta</strong></span> <span class='ocrx_word' id='word_1_116' title='bbox 1080 1877 1215 1942; x_wconf 89' lang='lat' dir='ltr'><strong>quantum</strong></span> <span class='ocrx_word' id='word_1_117' title='bbox 1238 1871 1297 1930; x_wconf 87' lang='lat' dir='ltr'><strong>deri</strong></span> <span class='ocrx_word' id='word_1_118' title='bbox 1322 1871 1417 1944; x_wconf 90' lang='lat' dir='ltr'><strong>potuit</strong></span> <span class='ocrx_word' id='word_1_119' title='bbox 1441 1872 1585 1940; x_wconf 83' lang='lat' dir='ltr'><strong>coniunxi,</strong></span> <span class='ocrx_word' id='word_1_120' title='bbox 1609 1891 1780 1945; x_wconf 86' lang='lat' dir='ltr'><strong>quamquam</strong></span> <span class='ocrx_word' id='word_1_121' title='bbox 1804 1873 1854 1929; x_wconf 90' lang='lat' dir='ltr'><strong>ubi</strong></span> <span class='ocrx_word' id='word_1_122' title='bbox 1878 1872 2098 1945; x_wconf 85' lang='lat' dir='ltr'><strong>subscriptiones</strong></span> 
     </span>
     <span class='ocr_line' id='line_1_15' title="bbox 754 1958 2098 2034; baseline -0.001 -14"><span class='ocrx_word' id='word_1_123' title='bbox 754 1962 898 2027; x_wconf 77' lang='lat' dir='ltr'><strong>differunt,</strong></span> <span class='ocrx_word' id='word_1_124' title='bbox 921 1959 1052 2017; x_wconf 90' lang='lat' dir='ltr'><strong>iunctura</strong></span> <span class='ocrx_word' id='word_1_125' title='bbox 1068 1976 1153 2032; x_wconf 89' lang='lat' dir='ltr'><strong>saepe</strong></span> <span class='ocrx_word' id='word_1_126' title='bbox 1170 1958 1257 2017; x_wconf 90' lang='lat' dir='ltr'><strong>dubia</strong></span> <span class='ocrx_word' id='word_1_127' title='bbox 1274 1963 1326 2017; x_wconf 86' lang='lat' dir='ltr'><strong>est.</strong></span> <span class='ocrx_word' id='word_1_128' title='bbox 1362 1960 1405 2016; x_wconf 78' lang='lat' dir='ltr'><strong>hd</strong></span> <span class='ocrx_word' id='word_1_129' title='bbox 1424 1963 1518 2017; x_wconf 86' lang='lat' dir='ltr'><strong>errata</strong></span> <span class='ocrx_word' id='word_1_130' title='bbox 1534 1960 1583 2019; x_wconf 91' lang='lat' dir='ltr'><strong>uhi</strong></span> <span class='ocrx_word' id='word_1_131' title='bbox 1602 1960 1661 2018; x_wconf 88' lang='lat' dir='ltr'><strong>fleri</strong></span> <span class='ocrx_word' id='word_1_132' title='bbox 1680 1959 1788 2034; x_wconf 84' lang='lat' dir='ltr'><strong>potuit,</strong></span> <span class='ocrx_word' id='word_1_133' title='bbox 1807 1959 1968 2019; x_wconf 87' lang='lat' dir='ltr'><strong>emendatio</strong></span> <span class='ocrx_word' id='word_1_134' title='bbox 1986 1959 2098 2018; x_wconf 83' lang='lat' dir='ltr'><strong>adiecta</strong></span> 
     </span>
     <span class='ocr_line' id='line_1_16' title="bbox 756 2045 2099 2123; baseline -0.002 -15"><span class='ocrx_word' id='word_1_135' title='bbox 756 2054 800 2108; x_wconf 90' lang='lat' dir='ltr'><strong>cst</strong></span> <span class='ocrx_word' id='word_1_136' title='bbox 821 2048 897 2108; x_wconf 82' lang='lat' dir='ltr'><strong>intra</strong></span> <span class='ocrx_word' id='word_1_137' title='bbox 920 2066 1006 2105; x_wconf 91' lang='lat' dir='ltr'><strong>uncos</strong></span> <span class='ocrx_word' id='word_1_138' title='bbox 1028 2047 1193 2119; x_wconf 83' lang='lat' dir='ltr'><strong>quadratos,</strong></span> <span class='ocrx_word' id='word_1_139' title='bbox 1217 2045 1266 2105; x_wconf 91' lang='lat' dir='ltr'><strong>ubi</strong></span> <span class='ocrx_word' id='word_1_140' title='bbox 1288 2046 1368 2104; x_wconf 89' lang='lat' dir='ltr'><strong>nulla</strong></span> <span class='ocrx_word' id='word_1_141' title='bbox 1389 2047 1563 2121; x_wconf 87' lang='lat' dir='ltr'><strong>suppetebat</strong></span> <span class='ocrx_word' id='word_1_142' title='bbox 1584 2047 1752 2121; x_wconf 85' lang='lat' dir='ltr'><strong>probabilis,</strong></span> <span class='ocrx_word' id='word_1_143' title='bbox 1773 2047 1885 2123; x_wconf 73' lang='lat' dir='ltr'><strong>mgnum</strong></span> <span class='ocrx_word' id='word_1_144' title='bbox 1908 2047 2099 2122; x_wconf 74' lang='lat' dir='ltr'><strong>interrogandi</strong></span> 
     </span>
     <span class='ocr_line' id='line_1_17' title="bbox 755 2131 2100 2210; baseline -0.001 -15"><span class='ocrx_word' id='word_1_145' title='bbox 755 2138 823 2197; x_wconf 89' lang='lat' dir='ltr'><strong>item</strong></span> <span class='ocrx_word' id='word_1_146' title='bbox 847 2136 923 2193; x_wconf 86' lang='lat' dir='ltr'><strong>intra</strong></span> <span class='ocrx_word' id='word_1_147' title='bbox 946 2131 1039 2192; x_wconf 80' lang='lat' dir='ltr'><strong>uncos.</strong></span> <span class='ocrx_word' id='word_1_148' title='bbox 1080 2135 1187 2193; x_wconf 81' lang='lat' dir='ltr'><strong>Causae</strong></span> <span class='ocrx_word' id='word_1_149' title='bbox 1211 2134 1378 2192; x_wconf 87' lang='lat' dir='ltr'><strong>emendandi</strong></span> <span class='ocrx_word' id='word_1_150' title='bbox 1401 2139 1453 2194; x_wconf 89' lang='lat' dir='ltr'><strong>aut</strong></span> <span class='ocrx_word' id='word_1_151' title='bbox 1475 2135 1625 2194; x_wconf 86' lang='lat' dir='ltr'><strong>dubitandi</strong></span> <span class='ocrx_word' id='word_1_152' title='bbox 1649 2136 1761 2194; x_wconf 89' lang='lat' dir='ltr'><strong>autad</strong></span> <span class='ocrx_word' id='word_1_153' title='bbox 1785 2136 1861 2210; x_wconf 85' lang='lat' dir='ltr'><strong>ipsas</strong></span> <span class='ocrx_word' id='word_1_154' title='bbox 1885 2135 2100 2195; x_wconf 86' lang='lat' dir='ltr'><strong>constitutiones</strong></span> 
     </span>
     <span class='ocr_line' id='line_1_18' title="bbox 756 2219 2099 2290; baseline -0.004 -6"><span class='ocrx_word' id='word_1_155' title='bbox 756 2224 880 2284; x_wconf 89' lang='lat' dir='ltr'><strong>breviter</strong></span> <span class='ocrx_word' id='word_1_156' title='bbox 897 2222 1040 2281; x_wconf 86' lang='lat' dir='ltr'><strong>indicatae</strong></span> <span class='ocrx_word' id='word_1_157' title='bbox 1058 2224 1125 2279; x_wconf 90' lang='lat' dir='ltr'><strong>suut</strong></span> <span class='ocrx_word' id='word_1_158' title='bbox 1141 2226 1192 2280; x_wconf 90' lang='lat' dir='ltr'><strong>ant</strong></span> <span class='ocrx_word' id='word_1_159' title='bbox 1209 2219 1238 2278; x_wconf 93' lang='lat' dir='ltr'><strong>in</strong></span> <span class='ocrx_word' id='word_1_160' title='bbox 1256 2221 1394 2280; x_wconf 91' lang='lat' dir='ltr'><strong>laterculo</strong></span> <span class='ocrx_word' id='word_1_161' title='bbox 1412 2223 1579 2288; x_wconf 83' lang='lat' dir='ltr'><strong>adnotatae,</strong></span> <span class='ocrx_word' id='word_1_162' title='bbox 1601 2221 1758 2281; x_wconf 90' lang='lat' dir='ltr'><strong>minoribns</strong></span> <span class='ocrx_word' id='word_1_163' title='bbox 1775 2225 1883 2290; x_wconf 80' lang='lat' dir='ltr'><strong>tamen,</strong></span> <span class='ocrx_word' id='word_1_164' title='bbox 1907 2222 2028 2281; x_wconf 86' lang='lat' dir='ltr'><strong>maxime</strong></span> <span class='ocrx_word' id='word_1_165' title='bbox 2050 2223 2099 2280; x_wconf 91' lang='lat' dir='ltr'><strong>uhi</strong></span> 
     </span>
     <span class='ocr_line' id='line_1_19' title="bbox 757 2307 2101 2382; baseline -0.003 -12"><span class='ocrx_word' id='word_1_166' title='bbox 757 2314 794 2369; x_wconf 91' lang='lat' dir='ltr'><strong>ad</strong></span> <span class='ocrx_word' id='word_1_167' title='bbox 810 2330 918 2369; x_wconf 90' lang='lat' dir='ltr'><strong>menses</strong></span> <span class='ocrx_word' id='word_1_168' title='bbox 936 2309 1050 2381; x_wconf 86' lang='lat' dir='ltr'><strong>diesque</strong></span> <span class='ocrx_word' id='word_1_169' title='bbox 1067 2310 1140 2365; x_wconf 90' lang='lat' dir='ltr'><strong>solos</strong></span> <span class='ocrx_word' id='word_1_170' title='bbox 1158 2307 1339 2381; x_wconf 80' lang='lat' dir='ltr'><strong>perveniunt,</strong></span> <span class='ocrx_word' id='word_1_171' title='bbox 1356 2309 1522 2382; x_wconf 87' lang='lat' dir='ltr'><strong>pleramque</strong></span> <span class='ocrx_word' id='word_1_172' title='bbox 1539 2309 1752 2382; x_wconf 83' lang='lat' dir='ltr'><strong>praetermissis</strong></span> <span class='ocrx_word' id='word_1_173' title='bbox 1788 2308 1944 2367; x_wconf 89' lang='lat' dir='ltr'><strong>Iustiniana</strong></span> <span class='ocrx_word' id='word_1_174' title='bbox 1961 2328 2024 2366; x_wconf 91' lang='lat' dir='ltr'><strong>cum</strong></span> <span class='ocrx_word' id='word_1_175' title='bbox 2042 2309 2101 2366; x_wconf 91' lang='lat' dir='ltr'><strong>sint</strong></span> 
     </span>
     <span class='ocr_line' id='line_1_20' title="bbox 756 2394 2101 2476; baseline -0.004 -21"><span class='ocrx_word' id='word_1_176' title='bbox 756 2417 854 2470; x_wconf 87' lang='lat' dir='ltr'><strong>param</strong></span> <span class='ocrx_word' id='word_1_177' title='bbox 878 2401 956 2455; x_wconf 87' lang='lat' dir='ltr'><strong>certa</strong></span> <span class='ocrx_word' id='word_1_178' title='bbox 978 2396 1085 2461; x_wconf 83' lang='lat' dir='ltr'><strong>omnia.</strong></span> <span class='ocrx_word' id='word_1_179' title='bbox 1109 2394 1329 2453; x_wconf 86' lang='lat' dir='ltr'><strong>auctoritatibus</strong></span> <span class='ocrx_word' id='word_1_180' title='bbox 1347 2395 1497 2467; x_wconf 90' lang='lat' dir='ltr'><strong>adscriptis</strong></span> <span class='ocrx_word' id='word_1_181' title='bbox 1519 2413 1537 2451; x_wconf 91' lang='lat' dir='ltr'><strong>a</strong></span> <span class='ocrx_word' id='word_1_182' title='bbox 1555 2396 1706 2476; x_wconf 82' lang='lat' dir='ltr'><strong>dubitandi</strong></span> <span class='ocrx_word' id='word_1_183' title='bbox 1729 2396 1804 2454; x_wconf 91' lang='lat' dir='ltr'><strong>notis</strong></span> <span class='ocrx_word' id='word_1_184' title='bbox 1821 2394 1955 2453; x_wconf 90' lang='lat' dir='ltr'><strong>abstinui.</strong></span> <span class='ocrx_word' id='word_1_185' title='bbox 1974 2396 2101 2451; x_wconf 84' lang='lat' dir='ltr'><strong>-Vera</strong></span> 
     </span>
     <span class='ocr_line' id='line_1_21' title="bbox 755 2479 2100 2554; baseline -0.006 -11"><span class='ocrx_word' id='word_1_186' title='bbox 755 2503 815 2543; x_wconf 89' lang='lat' dir='ltr'><strong>esse</strong></span> <span class='ocrx_word' id='word_1_187' title='bbox 833 2501 875 2549; x_wconf 89' lang='lat' dir='ltr'><strong>ea,</strong></span> <span class='ocrx_word' id='word_1_188' title='bbox 894 2481 996 2552; x_wconf 90' lang='lat' dir='ltr'><strong>quibus</strong></span> <span class='ocrx_word' id='word_1_189' title='bbox 1014 2482 1093 2538; x_wconf 91' lang='lat' dir='ltr'><strong>nulla</strong></span> <span class='ocrx_word' id='word_1_190' title='bbox 1110 2482 1179 2538; x_wconf 88' lang='lat' dir='ltr'><strong>nota</strong></span> <span class='ocrx_word' id='word_1_191' title='bbox 1196 2479 1329 2552; x_wconf 89' lang='lat' dir='ltr'><strong>adposita</strong></span> <span class='ocrx_word' id='word_1_192' title='bbox 1346 2485 1402 2546; x_wconf 86' lang='lat' dir='ltr'><strong>cst,</strong></span> <span class='ocrx_word' id='word_1_193' title='bbox 1420 2499 1597 2553; x_wconf 89' lang='lat' dir='ltr'><strong>nequaquam</strong></span> <span class='ocrx_word' id='word_1_194' title='bbox 1616 2483 1754 2539; x_wconf 91' lang='lat' dir='ltr'><strong>contendo</strong></span> <span class='ocrx_word' id='word_1_195' title='bbox 1772 2499 1840 2554; x_wconf 89' lang='lat' dir='ltr'><strong>prae</strong></span> <span class='ocrx_word' id='word_1_196' title='bbox 1858 2498 1972 2538; x_wconf 88' lang='lat' dir='ltr'><strong>numero</strong></span> <span class='ocrx_word' id='word_1_197' title='bbox 1990 2479 2100 2554; x_wconf 74' lang='lat' dir='ltr'><strong>ingenti</strong></span> 
     </span>
     <span class='ocr_line' id='line_1_22' title="bbox 756 2566 2101 2643; baseline -0.003 -16"><span class='ocrx_word' id='word_1_198' title='bbox 756 2568 932 2628; x_wconf 89' lang='lat' dir='ltr'><strong>luxationum</strong></span> <span class='ocrx_word' id='word_1_199' title='bbox 950 2571 980 2627; x_wconf 92' lang='lat' dir='ltr'><strong>et</strong></span> <span class='ocrx_word' id='word_1_200' title='bbox 997 2567 1146 2635; x_wconf 77' lang='lat' dir='ltr'><strong>fraudium,</strong></span> <span class='ocrx_word' id='word_1_201' title='bbox 1165 2585 1255 2640; x_wconf 91' lang='lat' dir='ltr'><strong>neque</strong></span> <span class='ocrx_word' id='word_1_202' title='bbox 1273 2586 1357 2624; x_wconf 90' lang='lat' dir='ltr'><strong>ansus</strong></span> <span class='ocrx_word' id='word_1_203' title='bbox 1375 2587 1444 2635; x_wconf 84' lang='lat' dir='ltr'><strong>snm,</strong></span> <span class='ocrx_word' id='word_1_204' title='bbox 1462 2567 1490 2624; x_wconf 94' lang='lat' dir='ltr'><strong>id</strong></span> <span class='ocrx_word' id='word_1_205' title='bbox 1504 2569 1578 2640; x_wconf 90' lang='lat' dir='ltr'><strong>quod</strong></span> <span class='ocrx_word' id='word_1_206' title='bbox 1596 2567 1626 2626; x_wconf 92' lang='lat' dir='ltr'><strong>in</strong></span> <span class='ocrx_word' id='word_1_207' title='bbox 1637 2568 1749 2643; x_wconf 76' lang='lat' dir='ltr'><strong>legibus</strong></span> <span class='ocrx_word' id='word_1_208' title='bbox 1761 2566 2000 2628; x_wconf 77' lang='lat' dir='ltr'><strong>Constantinianis</strong></span> <span class='ocrx_word' id='word_1_209' title='bbox 2017 2586 2101 2624; x_wconf 88' lang='lat' dir='ltr'><strong>ansus</strong></span> 
     </span>
     <span class='ocr_line' id='line_1_23' title="bbox 756 2654 2102 2728; baseline -0.003 -13"><span class='ocrx_word' id='word_1_210' title='bbox 756 2662 800 2715; x_wconf 90' lang='lat' dir='ltr'><strong>est</strong></span> <span class='ocrx_word' id='word_1_211' title='bbox 816 2657 949 2715; x_wconf 82' lang='lat' dir='ltr'><strong>deeckius</strong></span> <span class='ocrx_word' id='word_1_212' title='bbox 966 2656 1135 2727; x_wconf 73' lang='lat' dir='ltr'><strong>(Zettscluisl</strong></span> <span class='ocrx_word' id='word_1_213' title='bbox 1152 2656 1200 2712; x_wconf 85' lang='lat' dir='ltr'><strong>der</strong></span> <span class='ocrx_word' id='word_1_214' title='bbox 1218 2655 1480 2727; x_wconf 58' lang='lat' dir='ltr'><strong>decipere-&amp;uttam</strong></span> <span class='ocrx_word' id='word_1_215' title='bbox 1495 2658 1544 2723; x_wconf 77' lang='lat' dir='ltr'><strong>[etr</strong></span> <span class='ocrx_word' id='word_1_216' title='bbox 1562 2656 1812 2728; x_wconf 61' lang='lat' dir='ltr'><strong>Redamcsotichts,</strong></span> <span class='ocrx_word' id='word_1_217' title='bbox 1828 2662 1893 2714; x_wconf 78' lang='lat' dir='ltr'><strong>rom.</strong></span> <span class='ocrx_word' id='word_1_218' title='bbox 1905 2654 1984 2711; x_wconf 77' lang='lat' dir='ltr'><strong>Ahtt.</strong></span> <span class='ocrx_word' id='word_1_219' title='bbox 2003 2654 2057 2712; x_wconf 82' lang='lat' dir='ltr'><strong>sol.</strong></span> <span class='ocrx_word' id='word_1_220' title='bbox 2069 2656 2102 2711; x_wconf 87' lang='lat'><strong>10</strong></span> 
     </span>
     <span class='ocr_line' id='line_1_24' title="bbox 757 2740 2102 2816; baseline -0.005 -14"><span class='ocrx_word' id='word_1_221' title='bbox 757 2763 782 2801; x_wconf 89' lang='lat' dir='ltr'><strong>a.</strong></span> <span class='ocrx_word' id='word_1_222' title='bbox 795 2745 861 2802; x_wconf 76' lang='lat'>1889</span> <span class='ocrx_word' id='word_1_223' title='bbox 881 2763 908 2815; x_wconf 90' lang='lat' dir='ltr'><strong>p.</strong></span> <span class='ocrx_word' id='word_1_224' title='bbox 922 2743 1019 2799; x_wconf 78' lang='lat'><strong>1-44.</strong></span> <span class='ocrx_word' id='word_1_225' title='bbox 1040 2742 1187 2808; x_wconf 66' lang='lat' dir='ltr'><strong>lut-251,</strong></span> <span class='ocrx_word' id='word_1_226' title='bbox 1206 2741 1326 2800; x_wconf 82' lang='lat' dir='ltr'><strong>maxime</strong></span> <span class='ocrx_word' id='word_1_227' title='bbox 1345 2761 1372 2814; x_wconf 92' lang='lat' dir='ltr'><strong>p.</strong></span> <span class='ocrx_word' id='word_1_228' title='bbox 1384 2743 1436 2798; x_wconf 74' lang='lat'><strong>207</strong></span> <span class='ocrx_word' id='word_1_229' title='bbox 1446 2744 1516 2813; x_wconf 76' lang='lat' dir='ltr'><strong>seq.)</strong></span> <span class='ocrx_word' id='word_1_230' title='bbox 1532 2743 1633 2800; x_wconf 82' lang='lat' dir='ltr'><strong>fortius</strong></span> <span class='ocrx_word' id='word_1_231' title='bbox 1644 2743 1744 2816; x_wconf 91' lang='lat' dir='ltr'><strong>opinor</strong></span> <span class='ocrx_word' id='word_1_232' title='bbox 1756 2762 1841 2814; x_wconf 90' lang='lat' dir='ltr'><strong>quam</strong></span> <span class='ocrx_word' id='word_1_233' title='bbox 1853 2740 2026 2815; x_wconf 83' lang='lat' dir='ltr'><strong>prudentius,</strong></span> <span class='ocrx_word' id='word_1_234' title='bbox 2044 2759 2102 2797; x_wconf 90' lang='lat' dir='ltr'><strong>cor·</strong></span> 
     </span>
     <span class='ocr_line' id='line_1_25' title="bbox 756 2829 1776 2901; baseline -0.004 -13"><span class='ocrx_word' id='word_1_235' title='bbox 756 2830 841 2888; x_wconf 88' lang='lat' dir='ltr'><strong>rectis</strong></span> <span class='ocrx_word' id='word_1_236' title='bbox 859 2829 973 2886; x_wconf 90' lang='lat' dir='ltr'><strong>traditis</strong></span> <span class='ocrx_word' id='word_1_237' title='bbox 991 2829 1160 2888; x_wconf 86' lang='lat' dir='ltr'><strong>laterculum</strong></span> <span class='ocrx_word' id='word_1_238' title='bbox 1178 2845 1343 2899; x_wconf 90' lang='lat' dir='ltr'><strong>componere</strong></span> <span class='ocrx_word' id='word_1_239' title='bbox 1361 2846 1444 2899; x_wconf 90' lang='lat' dir='ltr'><strong>quem</strong></span> <span class='ocrx_word' id='word_1_240' title='bbox 1463 2846 1558 2886; x_wconf 86' lang='lat' dir='ltr'><strong>verum</strong></span> <span class='ocrx_word' id='word_1_241' title='bbox 1575 2829 1776 2901; x_wconf 80' lang='lat' dir='ltr'><strong>praedicarem.</strong></span> 
     </span>
    </p>

    <p class='ocr_par' dir='ltr' id='par_1_7' title="bbox 716 2928 2103 3176">
     <span class='ocr_line' id='line_1_26' title="bbox 716 2928 2103 3004; baseline -0.004 -15"><span class='ocrx_word' id='word_1_242' title='bbox 716 2934 741 2989; x_wconf 80' lang='lat'><strong>4.</strong></span> <span class='ocrx_word' id='word_1_243' title='bbox 759 2931 944 3004; x_wconf 77' lang='lat' dir='ltr'><strong>Magistratus</strong></span> <span class='ocrx_word' id='word_1_244' title='bbox 962 2950 1026 2987; x_wconf 92' lang='lat' dir='ltr'><strong>cum</strong></span> <span class='ocrx_word' id='word_1_245' title='bbox 1043 2930 1072 2986; x_wconf 91' lang='lat' dir='ltr'><strong>in</strong></span> <span class='ocrx_word' id='word_1_246' title='bbox 1088 2930 1319 3001; x_wconf 89' lang='lat' dir='ltr'><strong>inscriptionibus</strong></span> <span class='ocrx_word' id='word_1_247' title='bbox 1337 2928 1441 3001; x_wconf 88' lang='lat' dir='ltr'><strong>passim</strong></span> <span class='ocrx_word' id='word_1_248' title='bbox 1455 2931 1604 2987; x_wconf 86' lang='lat' dir='ltr'><strong>tradantur</strong></span> <span class='ocrx_word' id='word_1_249' title='bbox 1614 2929 1782 3001; x_wconf 79' lang='lat' dir='ltr'><strong>imperfecti,</strong></span> <span class='ocrx_word' id='word_1_250' title='bbox 1800 2948 1847 2987; x_wconf 93' lang='lat' dir='ltr'><strong>eos</strong></span> <span class='ocrx_word' id='word_1_251' title='bbox 1864 2929 1914 2985; x_wconf 90' lang='lat' dir='ltr'><strong>uhi</strong></span> <span class='ocrx_word' id='word_1_252' title='bbox 1932 2929 1991 2986; x_wconf 88' lang='lat' dir='ltr'><strong>fleri</strong></span> <span class='ocrx_word' id='word_1_253' title='bbox 2008 2929 2103 3000; x_wconf 89' lang='lat' dir='ltr'><strong>potnit</strong></span> 
     </span>
     <span class='ocr_line' id='line_1_27' title="bbox 759 3012 2102 3089; baseline -0.002 -16"><span class='ocrx_word' id='word_1_254' title='bbox 759 3017 934 3089; x_wconf 81' lang='lat' dir='ltr'><strong>explevimus</strong></span> <span class='ocrx_word' id='word_1_255' title='bbox 952 3014 1154 3072; x_wconf 83' lang='lat' dir='ltr'><strong>additamentis</strong></span> <span class='ocrx_word' id='word_1_256' title='bbox 1172 3014 1276 3071; x_wconf 90' lang='lat' dir='ltr'><strong>clausis</strong></span> <span class='ocrx_word' id='word_1_257' title='bbox 1298 3014 1376 3070; x_wconf 92' lang='lat' dir='ltr'><strong>intra</strong></span> <span class='ocrx_word' id='word_1_258' title='bbox 1397 3032 1482 3071; x_wconf 90' lang='lat' dir='ltr'><strong>uncos</strong></span> <span class='ocrx_word' id='word_1_259' title='bbox 1500 3015 1665 3084; x_wconf 83' lang='lat' dir='ltr'><strong>quadratos,</strong></span> <span class='ocrx_word' id='word_1_260' title='bbox 1688 3012 1810 3070; x_wconf 83' lang='lat' dir='ltr'><strong>maxime</strong></span> <span class='ocrx_word' id='word_1_261' title='bbox 1832 3016 1866 3069; x_wconf 92' lang='lat' dir='ltr'><strong>ut</strong></span> <span class='ocrx_word' id='word_1_262' title='bbox 1886 3014 2102 3071; x_wconf 87' lang='lat' dir='ltr'><strong>constitutiones</strong></span> 
     </span>
     <span class='ocr_line' id='line_1_28' title="bbox 758 3098 1761 3176; baseline -0.004 -17"><span class='ocrx_word' id='word_1_263' title='bbox 758 3102 882 3176; x_wconf 88' lang='lat' dir='ltr'><strong>partium</strong></span> <span class='ocrx_word' id='word_1_264' title='bbox 902 3100 1064 3158; x_wconf 90' lang='lat' dir='ltr'><strong>Occidentis</strong></span> <span class='ocrx_word' id='word_1_265' title='bbox 1081 3103 1113 3157; x_wconf 92' lang='lat' dir='ltr'><strong>et</strong></span> <span class='ocrx_word' id='word_1_266' title='bbox 1129 3099 1253 3172; x_wconf 90' lang='lat' dir='ltr'><strong>partium</strong></span> <span class='ocrx_word' id='word_1_267' title='bbox 1271 3098 1394 3156; x_wconf 87' lang='lat' dir='ltr'><strong>Orientis</strong></span> <span class='ocrx_word' id='word_1_268' title='bbox 1411 3099 1496 3158; x_wconf 82' lang='lat' dir='ltr'><strong>facile</strong></span> <span class='ocrx_word' id='word_1_269' title='bbox 1514 3100 1761 3173; x_wconf 76' lang='lat' dir='ltr'><strong>distinguerentur.</strong></span> 
     </span>
    </p>
   </div>
   <div class='ocr_carea' id='block_1_7' title="bbox 714 3200 2102 3362">
    <p class='ocr_par' dir='ltr' id='par_1_8' title="bbox 714 3200 2102 3362">
     <span class='ocr_line' id='line_1_29' title="bbox 714 3200 2102 3276; baseline -0.004 -15"><span class='ocrx_word' id='word_1_270' title='bbox 714 3209 738 3261; x_wconf 82' lang='lat'><strong>5.</strong></span> <span class='ocrx_word' id='word_1_271' title='bbox 757 3204 977 3262; x_wconf 84' lang='lat' dir='ltr'><strong>constitutiones</strong></span> <span class='ocrx_word' id='word_1_272' title='bbox 989 3222 1063 3276; x_wconf 89' lang='lat' dir='ltr'><strong>qnae</strong></span> <span class='ocrx_word' id='word_1_273' title='bbox 1080 3222 1184 3260; x_wconf 89' lang='lat' dir='ltr'><strong>anunm</strong></span> <span class='ocrx_word' id='word_1_274' title='bbox 1199 3204 1307 3260; x_wconf 88' lang='lat' dir='ltr'><strong>hahent</strong></span> <span class='ocrx_word' id='word_1_275' title='bbox 1323 3206 1375 3259; x_wconf 90' lang='lat' dir='ltr'><strong>aut</strong></span> <span class='ocrx_word' id='word_1_276' title='bbox 1391 3202 1435 3259; x_wconf 89' lang='lat' dir='ltr'><strong>ita</strong></span> <span class='ocrx_word' id='word_1_277' title='bbox 1452 3206 1614 3275; x_wconf 90' lang='lat' dir='ltr'><strong>corruptum</strong></span> <span class='ocrx_word' id='word_1_278' title='bbox 1632 3201 1839 3268; x_wconf 87' lang='lat' dir='ltr'><strong>mutilatnmre,</strong></span> <span class='ocrx_word' id='word_1_279' title='bbox 1857 3205 1890 3258; x_wconf 89' lang='lat' dir='ltr'><strong>ut</strong></span> <span class='ocrx_word' id='word_1_280' title='bbox 1908 3200 2044 3258; x_wconf 85' lang='lat' dir='ltr'><strong>laterculo</strong></span> <span class='ocrx_word' id='word_1_281' title='bbox 2062 3201 2102 3256; x_wconf 92' lang='lat' dir='ltr'><strong>in·</strong></span> 
     </span>
     <span class='ocr_line' id='line_1_30' title="bbox 757 3285 2102 3362; baseline -0.004 -13"><span class='ocrx_word' id='word_1_282' title='bbox 757 3291 812 3349; x_wconf 83' lang='lat' dir='ltr'><strong>seri</strong></span> <span class='ocrx_word' id='word_1_283' title='bbox 832 3310 888 3347; x_wconf 93' lang='lat' dir='ltr'><strong>non</strong></span> <span class='ocrx_word' id='word_1_284' title='bbox 912 3295 1016 3362; x_wconf 85' lang='lat' dir='ltr'><strong>posset.</strong></span> <span class='ocrx_word' id='word_1_285' title='bbox 1041 3293 1093 3346; x_wconf 91' lang='lat' dir='ltr'><strong>aut</strong></span> <span class='ocrx_word' id='word_1_286' title='bbox 1114 3290 1234 3354; x_wconf 85' lang='lat' dir='ltr'><strong>nullum.</strong></span> <span class='ocrx_word' id='word_1_287' title='bbox 1257 3307 1330 3360; x_wconf 87' lang='lat' dir='ltr'><strong>quae</strong></span> <span class='ocrx_word' id='word_1_288' title='bbox 1352 3306 1432 3345; x_wconf 89' lang='lat' dir='ltr'><strong>rarae</strong></span> <span class='ocrx_word' id='word_1_289' title='bbox 1449 3293 1516 3346; x_wconf 89' lang='lat' dir='ltr'><strong>sunt</strong></span> <span class='ocrx_word' id='word_1_290' title='bbox 1535 3288 1564 3345; x_wconf 90' lang='lat' dir='ltr'><strong>in</strong></span> <span class='ocrx_word' id='word_1_291' title='bbox 1583 3288 1791 3354; x_wconf 80' lang='lat' dir='ltr'><strong>Theodosiana,</strong></span> <span class='ocrx_word' id='word_1_292' title='bbox 1813 3286 1843 3344; x_wconf 93' lang='lat' dir='ltr'><strong>in</strong></span> <span class='ocrx_word' id='word_1_293' title='bbox 1861 3285 2019 3345; x_wconf 89' lang='lat' dir='ltr'><strong>Iustiniano</strong></span> <span class='ocrx_word' id='word_1_294' title='bbox 2037 3305 2102 3344; x_wconf 81' lang='lat' dir='ltr'><strong>vero</strong></span> 
     </span>
    </p>
   </div>
   <div class='ocr_carea' id='block_1_8' title="bbox 715 3373 2103 3645">
    <p class='ocr_par' dir='ltr' id='par_1_9' title="bbox 715 3373 2103 3645">
     <span class='ocr_line' id='line_1_31' title="bbox 759 3373 1894 3452; baseline -0.002 -18"><span class='ocrx_word' id='word_1_295' title='bbox 759 3376 905 3452; x_wconf 83' lang='lat' dir='ltr'><strong>plurimae,</strong></span> <span class='ocrx_word' id='word_1_296' title='bbox 924 3375 958 3435; x_wconf 90' lang='lat' dir='ltr'><strong>iis</strong></span> <span class='ocrx_word' id='word_1_297' title='bbox 975 3396 1048 3450; x_wconf 91' lang='lat' dir='ltr'><strong>qnae</strong></span> <span class='ocrx_word' id='word_1_298' title='bbox 1066 3375 1140 3435; x_wconf 90' lang='lat' dir='ltr'><strong>diem</strong></span> <span class='ocrx_word' id='word_1_299' title='bbox 1158 3376 1266 3436; x_wconf 89' lang='lat' dir='ltr'><strong>babent</strong></span> <span class='ocrx_word' id='word_1_300' title='bbox 1283 3373 1468 3449; x_wconf 85' lang='lat' dir='ltr'><strong>interpositae</strong></span> <span class='ocrx_word' id='word_1_301' title='bbox 1486 3380 1553 3436; x_wconf 92' lang='lat' dir='ltr'><strong>sunt</strong></span> <span class='ocrx_word' id='word_1_302' title='bbox 1570 3395 1620 3450; x_wconf 90' lang='lat' dir='ltr'><strong>per</strong></span> <span class='ocrx_word' id='word_1_303' title='bbox 1637 3375 1750 3451; x_wconf 79' lang='lat' dir='ltr'><strong>singula</strong></span> <span class='ocrx_word' id='word_1_304' title='bbox 1767 3374 1894 3448; x_wconf 85' lang='lat' dir='ltr'><strong>imperia</strong></span> 
     </span>
     <span class='ocr_line' id='line_1_32' title="bbox 715 3479 2102 3555; baseline -0.003 -14"><span class='ocrx_word' id='word_1_305' title='bbox 715 3485 740 3541; x_wconf 82' lang='lat' dir='ltr'><strong>t.</strong></span> <span class='ocrx_word' id='word_1_306' title='bbox 759 3485 934 3555; x_wconf 85' lang='lat' dir='ltr'><strong>Quamquam</strong></span> <span class='ocrx_word' id='word_1_307' title='bbox 951 3500 1058 3540; x_wconf 90' lang='lat' dir='ltr'><strong>summo</strong></span> <span class='ocrx_word' id='word_1_308' title='bbox 1076 3501 1138 3540; x_wconf 91' lang='lat' dir='ltr'><strong>cum</strong></span> <span class='ocrx_word' id='word_1_309' title='bbox 1154 3483 1248 3539; x_wconf 83' lang='lat' dir='ltr'><strong>fructu</strong></span> <span class='ocrx_word' id='word_1_310' title='bbox 1261 3479 1309 3554; x_wconf 92' lang='lat' dir='ltr'><strong>qui</strong></span> <span class='ocrx_word' id='word_1_311' title='bbox 1322 3481 1517 3540; x_wconf 86' lang='lat' dir='ltr'><strong>Theodosiano</strong></span> <span class='ocrx_word' id='word_1_312' title='bbox 1534 3481 1625 3542; x_wconf 89' lang='lat' dir='ltr'><strong>utitur</strong></span> <span class='ocrx_word' id='word_1_313' title='bbox 1635 3481 1719 3539; x_wconf 90' lang='lat' dir='ltr'><strong>simul</strong></span> <span class='ocrx_word' id='word_1_314' title='bbox 1737 3480 1886 3539; x_wconf 85' lang='lat' dir='ltr'><strong>adhibebit</strong></span> <span class='ocrx_word' id='word_1_315' title='bbox 1902 3498 1993 3538; x_wconf 89' lang='lat' dir='ltr'><strong>rernm</strong></span> <span class='ocrx_word' id='word_1_316' title='bbox 2011 3484 2102 3554; x_wconf 77' lang='lat' dir='ltr'><strong>gesta·</strong></span> 
     </span>
     <span class='ocr_line' id='line_1_33' title="bbox 758 3566 2103 3645; baseline -0.001 -16"><span class='ocrx_word' id='word_1_317' title='bbox 758 3591 819 3629; x_wconf 88' lang='lat' dir='ltr'><strong>rum</strong></span> <span class='ocrx_word' id='word_1_318' title='bbox 831 3573 1013 3638; x_wconf 88' lang='lat' dir='ltr'><strong>enarratores,</strong></span> <span class='ocrx_word' id='word_1_319' title='bbox 1031 3569 1151 3629; x_wconf 83' lang='lat' dir='ltr'><strong>maxime</strong></span> <span class='ocrx_word' id='word_1_320' title='bbox 1163 3569 1411 3645; x_wconf 75' lang='lat' dir='ltr'><strong>diligentissimum</strong></span> <span class='ocrx_word' id='word_1_321' title='bbox 1423 3569 1644 3641; x_wconf 86' lang='lat' dir='ltr'><strong>Tillemontinm,</strong></span> <span class='ocrx_word' id='word_1_322' title='bbox 1662 3569 1712 3643; x_wconf 92' lang='lat' dir='ltr'><strong>qni</strong></span> <span class='ocrx_word' id='word_1_323' title='bbox 1730 3587 1786 3627; x_wconf 91' lang='lat' dir='ltr'><strong>non</strong></span> <span class='ocrx_word' id='word_1_324' title='bbox 1803 3569 1894 3627; x_wconf 91' lang='lat' dir='ltr'><strong>solum</strong></span> <span class='ocrx_word' id='word_1_325' title='bbox 1910 3566 2025 3642; x_wconf 89' lang='lat' dir='ltr'><strong>scripsit</strong></span> <span class='ocrx_word' id='word_1_326' title='bbox 2037 3572 2103 3642; x_wconf 91' lang='lat' dir='ltr'><strong>post</strong></span> 
     </span>
    </p>
   </div>
   <div class='ocr_carea' id='block_1_9' title="bbox 758 3655 2102 3991">
    <p class='ocr_par' dir='ltr' id='par_1_10' title="bbox 758 3655 2102 3991">
     <span class='ocr_line' id='line_1_34' title="bbox 759 3655 2102 3732; baseline -0.003 -14"><span class='ocrx_word' id='word_1_327' title='bbox 759 3660 968 3728; x_wconf 82' lang='lat' dir='ltr'><strong>Gotholradnm.</strong></span> <span class='ocrx_word' id='word_1_328' title='bbox 986 3659 1035 3717; x_wconf 91' lang='lat' dir='ltr'><strong>sed</strong></span> <span class='ocrx_word' id='word_1_329' title='bbox 1053 3659 1140 3717; x_wconf 89' lang='lat' dir='ltr'><strong>etiam</strong></span> <span class='ocrx_word' id='word_1_330' title='bbox 1152 3676 1225 3731; x_wconf 86' lang='lat' dir='ltr'><strong>qnae</strong></span> <span class='ocrx_word' id='word_1_331' title='bbox 1238 3658 1426 3717; x_wconf 81' lang='lat' dir='ltr'><strong>(lotholredus</strong></span> <span class='ocrx_word' id='word_1_332' title='bbox 1442 3677 1492 3731; x_wconf 92' lang='lat' dir='ltr'><strong>per</strong></span> <span class='ocrx_word' id='word_1_333' title='bbox 1509 3657 1635 3732; x_wconf 72' lang='lat' dir='ltr'><strong>singulas</strong></span> <span class='ocrx_word' id='word_1_334' title='bbox 1652 3658 1731 3730; x_wconf 74' lang='lat' dir='ltr'><strong>leges</strong></span> <span class='ocrx_word' id='word_1_335' title='bbox 1747 3655 1888 3729; x_wconf 82' lang='lat' dir='ltr'><strong>dispersit,</strong></span> <span class='ocrx_word' id='word_1_336' title='bbox 1905 3655 2021 3714; x_wconf 90' lang='lat' dir='ltr'><strong>meliore</strong></span> <span class='ocrx_word' id='word_1_337' title='bbox 2039 3676 2102 3714; x_wconf 92' lang='lat' dir='ltr'><strong>con·</strong></span> 
     </span>
     <span class='ocr_line' id='line_1_35' title="bbox 758 3742 2102 3819; baseline -0.004 -15"><span class='ocrx_word' id='word_1_338' title='bbox 758 3747 823 3805; x_wconf 92' lang='lat' dir='ltr'><strong>silio</strong></span> <span class='ocrx_word' id='word_1_339' title='bbox 845 3745 943 3804; x_wconf 89' lang='lat' dir='ltr'><strong>iuncta</strong></span> <span class='ocrx_word' id='word_1_340' title='bbox 966 3746 1109 3819; x_wconf 85' lang='lat' dir='ltr'><strong>exposuit,</strong></span> <span class='ocrx_word' id='word_1_341' title='bbox 1134 3744 1206 3802; x_wconf 91' lang='lat' dir='ltr'><strong>mihi</strong></span> <span class='ocrx_word' id='word_1_342' title='bbox 1229 3764 1247 3803; x_wconf 90' lang='lat' dir='ltr'><strong>a</strong></span> <span class='ocrx_word' id='word_1_343' title='bbox 1271 3746 1355 3803; x_wconf 89' lang='lat' dir='ltr'><strong>rehns</strong></span> <span class='ocrx_word' id='word_1_344' title='bbox 1377 3745 1540 3803; x_wconf 82' lang='lat' dir='ltr'><strong>enarrandis</strong></span> <span class='ocrx_word' id='word_1_345' title='bbox 1563 3745 1760 3804; x_wconf 91' lang='lat' dir='ltr'><strong>abstinendum</strong></span> <span class='ocrx_word' id='word_1_346' title='bbox 1783 3742 1848 3801; x_wconf 79' lang='lat' dir='ltr'><strong>luia</strong></span> <span class='ocrx_word' id='word_1_347' title='bbox 1888 3743 1988 3801; x_wconf 83' lang='lat' dir='ltr'><strong>Nihilo</strong></span> <span class='ocrx_word' id='word_1_348' title='bbox 2011 3742 2102 3800; x_wconf 87' lang='lat' dir='ltr'><strong>minus</strong></span> 
     </span>
     <span class='ocr_line' id='line_1_36' title="bbox 759 3829 2102 3907; baseline -0.001 -18"><span class='ocrx_word' id='word_1_349' title='bbox 759 3834 945 3892; x_wconf 87' lang='lat' dir='ltr'><strong>necessarium</strong></span> <span class='ocrx_word' id='word_1_350' title='bbox 965 3834 1054 3891; x_wconf 84' lang='lat' dir='ltr'><strong>visum</strong></span> <span class='ocrx_word' id='word_1_351' title='bbox 1073 3836 1117 3892; x_wconf 90' lang='lat' dir='ltr'><strong>est</strong></span> <span class='ocrx_word' id='word_1_352' title='bbox 1134 3833 1334 3907; x_wconf 85' lang='lat' dir='ltr'><strong>imperatorum</strong></span> <span class='ocrx_word' id='word_1_353' title='bbox 1354 3852 1405 3904; x_wconf 90' lang='lat' dir='ltr'><strong>per</strong></span> <span class='ocrx_word' id='word_1_354' title='bbox 1421 3833 1547 3906; x_wconf 78' lang='lat' dir='ltr'><strong>singulos</strong></span> <span class='ocrx_word' id='word_1_355' title='bbox 1564 3851 1652 3891; x_wconf 88' lang='lat' dir='ltr'><strong>annos</strong></span> <span class='ocrx_word' id='word_1_356' title='bbox 1669 3834 1808 3905; x_wconf 89' lang='lat' dir='ltr'><strong>qnatenus</strong></span> <span class='ocrx_word' id='word_1_357' title='bbox 1830 3830 1890 3888; x_wconf 83' lang='lat' dir='ltr'><strong>heri</strong></span> <span class='ocrx_word' id='word_1_358' title='bbox 1907 3829 2003 3903; x_wconf 89' lang='lat' dir='ltr'><strong>potnit</strong></span> <span class='ocrx_word' id='word_1_359' title='bbox 2021 3829 2102 3888; x_wconf 90' lang='lat' dir='ltr'><strong>itine-</strong></span> 
     </span>
     <span class='ocr_line' id='line_1_37' title="bbox 759 3915 2102 3991; baseline -0.004 -14"><span class='ocrx_word' id='word_1_360' title='bbox 759 3919 826 3977; x_wconf 92' lang='lat' dir='ltr'><strong>rarii</strong></span> <span class='ocrx_word' id='word_1_361' title='bbox 844 3920 934 3977; x_wconf 86' lang='lat' dir='ltr'><strong>instar</strong></span> <span class='ocrx_word' id='word_1_362' title='bbox 951 3921 1068 3991; x_wconf 90' lang='lat' dir='ltr'><strong>aliquod</strong></span> <span class='ocrx_word' id='word_1_363' title='bbox 1086 3921 1232 3978; x_wconf 85' lang='lat' dir='ltr'><strong>contexere</strong></span> <span class='ocrx_word' id='word_1_364' title='bbox 1254 3919 1285 3976; x_wconf 92' lang='lat' dir='ltr'><strong>in</strong></span> <span class='ocrx_word' id='word_1_365' title='bbox 1303 3918 1389 3977; x_wconf 90' lang='lat' dir='ltr'><strong>tertio</strong></span> <span class='ocrx_word' id='word_1_366' title='bbox 1407 3922 1502 3978; x_wconf 86' lang='lat' dir='ltr'><strong>nostro</strong></span> <span class='ocrx_word' id='word_1_367' title='bbox 1525 3920 1643 3977; x_wconf 90' lang='lat' dir='ltr'><strong>elencho</strong></span> <span class='ocrx_word' id='word_1_368' title='bbox 1664 3917 1784 3991; x_wconf 76' lang='lat' dir='ltr'><strong>singulis</strong></span> <span class='ocrx_word' id='word_1_369' title='bbox 1805 3917 1885 3974; x_wconf 89' lang='lat' dir='ltr'><strong>annis</strong></span> <span class='ocrx_word' id='word_1_370' title='bbox 1907 3915 2102 3988; x_wconf 71' lang='lat' dir='ltr'><strong>praemissum</strong></span> 
     </span>
    </p>
   </div>
   <div class='ocr_carea' id='block_1_10' title="bbox 759 4002 2103 4168">
    <p class='ocr_par' dir='ltr' id='par_1_11' title="bbox 759 4002 2103 4168">
     <span class='ocr_line' id='line_1_38' title="bbox 759 4002 2103 4079; baseline -0.002 -16"><span class='ocrx_word' id='word_1_371' title='bbox 759 4025 823 4064; x_wconf 90' lang='lat' dir='ltr'><strong>nam</strong></span> <span class='ocrx_word' id='word_1_372' title='bbox 845 4007 882 4065; x_wconf 88' lang='lat' dir='ltr'><strong>ad</strong></span> <span class='ocrx_word' id='word_1_373' title='bbox 905 4006 1125 4079; x_wconf 89' lang='lat' dir='ltr'><strong>subscriptiones</strong></span> <span class='ocrx_word' id='word_1_374' title='bbox 1145 4007 1222 4064; x_wconf 82' lang='lat' dir='ltr'><strong>recte</strong></span> <span class='ocrx_word' id='word_1_375' title='bbox 1243 4007 1407 4064; x_wconf 82' lang='lat' dir='ltr'><strong>tractandas</strong></span> <span class='ocrx_word' id='word_1_376' title='bbox 1429 4006 1485 4064; x_wconf 91' lang='lat' dir='ltr'><strong>loci</strong></span> <span class='ocrx_word' id='word_1_377' title='bbox 1508 4004 1649 4079; x_wconf 77' lang='lat' dir='ltr'><strong>adscripti</strong></span> <span class='ocrx_word' id='word_1_378' title='bbox 1668 4004 1844 4077; x_wconf 85' lang='lat' dir='ltr'><strong>potissimum</strong></span> <span class='ocrx_word' id='word_1_379' title='bbox 1866 4002 2019 4061; x_wconf 86' lang='lat' dir='ltr'><strong>adhibendi</strong></span> <span class='ocrx_word' id='word_1_380' title='bbox 2037 4006 2103 4060; x_wconf 91' lang='lat' dir='ltr'><strong>sunt</strong></span> 
     </span>
     <span class='ocr_line' id='line_1_39' title="bbox 759 4091 1423 4168; baseline 0 -18"><span class='ocrx_word' id='word_1_381' title='bbox 759 4093 842 4168; x_wconf 77' lang='lat' dir='ltr'><strong>longe</strong></span> <span class='ocrx_word' id='word_1_382' title='bbox 858 4094 951 4151; x_wconf 90' lang='lat' dir='ltr'><strong>minus</strong></span> <span class='ocrx_word' id='word_1_383' title='bbox 969 4093 1094 4166; x_wconf 85' lang='lat' dir='ltr'><strong>corrupti</strong></span> <span class='ocrx_word' id='word_1_384' title='bbox 1112 4112 1198 4165; x_wconf 91' lang='lat' dir='ltr'><strong>quam</strong></span> <span class='ocrx_word' id='word_1_385' title='bbox 1215 4091 1282 4150; x_wconf 89' lang='lat' dir='ltr'><strong>anni</strong></span> <span class='ocrx_word' id='word_1_386' title='bbox 1299 4093 1423 4164; x_wconf 89' lang='lat' dir='ltr'><strong>diesque.</strong></span> 
     </span>
    </p>
   </div>
   <div class='ocr_carea' id='block_1_11' title="bbox 0 0 2641 6340">
    <p class='ocr_par' dir='ltr' id='par_1_12' title="bbox 0 0 2641 6340">
     <span class='ocr_line' id='line_1_40' title="bbox 0 0 2641 6340; baseline 0 0"><span class='ocrx_word' id='word_1_387' title='bbox 0 0 2641 6340; x_wconf 95' lang='lat' dir='ltr'><strong> </strong></span> 
     </span>
    </p>
   </div>
  </div>
 </body>
</html>
