5250 6350
1188 603 1377 660 -ull-

812 758 1007 816 &maurium
1538 762 1636 819 Tadio
1654 771 1692 832 16,
1704 771 1729 832 t,
1739 770 1788 819 {02

559 866 592 920 ut
607 880 655 920 eos
672 866 798 937 repertos
815 870 959 938 tamqnam
974 865 1126 940 sacrilegos
1142 865 1257 934 iudicet,
1310 867 1439 926 volumus
1456 886 1516 927 esse
1533 868 1679 941 publicum
1697 868 1802 926 odmen

593 947 623 1004 id
640 953 684 1006 est
701 951 811 1021 publici
829 951 954 1009 oriminis
971 970 1033 1010 reos

559 1104 640 1163 bonis
657 1123 752 1165 eonrm
771 1106 936 1181 proscribtis
1310 1131 1381 1184 quos
1398 1113 1533 1170 benonim
1550 1112 1638 1171 etiem
1656 1110 1851 1185 publicatione
1868 1108 2010 1186 prosequi·

1346 1220 1408 1258 mur

559 1280 600 1340 sio
619 1285 725 1352 tamen,
750 1287 782 1343 nt
799 1284 912 1343 illorum
930 1290 1061 1360 parentes
1078 1289 1259 1348 successionis
1310 1307 1383 1360 (puae
1395 1293 1491 1348 tamen
1500 1288 1598 1349 cedere
1610 1288 1739 1348 iubemus
1751 1288 1887 1363 proximis
1896 1287 2010 1362 quibus·

594 1370 1041 1448 imbemrtincultatem,potribus
1049 1375 1259 1435 frutribusiiliis
1345 1395 1400 1451 que
1418 1376 1552 1452 personia
1570 1376 1613 1435 ita
1628 1382 1662 1436 ut
1677 1376 1887 1437 ascendentium
1899 1376 1945 1435 sel
1964 1375 2009 1433 de·

1345 1466 1539 1526 scandentium
1552 1466 1597 1526 vel
1610 1465 1784 1525 venientium
1796 1484 1830 1525 ex
1842 1465 1932 1525 latmo
1947 1483 2010 1539 cop·

1347 1560 1477 1615 natorum
1488 1574 1576 1630 unlno
1588 1556 1625 1614 nd
1637 1555 1789 1614 secuudum
1801 1554 1920 1631 gnidum
1932 1553 2011 1613 velut

1346 1644 1376 1702 in
1393 1642 1616 1702 successionibus
1633 1646 1701 1702 ordo
1718 1649 1846 1702 sersetm

560 1822 627 1861 sane
645 1806 669 1861 si
687 1826 751 1865 cnm
766 1808 838 1881 ipsis
850 1815 880 1868 et
892 1811 948 1883 ipsi
959 1830 1016 1868 non
1028 1813 1261 1872 commisceantur
1310 1816 1336 1872 si
1353 1834 1409 1873 uon
1427 1820 1457 1874 et
1475 1816 1530 1888 ipsi
1547 1814 1611 1887 pari
1629 1815 1801 1873 conscientia
1818 1816 1985 1887 polluuntur

562 1889 620 1947 illis
643 1910 694 1950 nec
717 1896 823 1953 donare
845 1913 897 1952 neo
919 1897 1017 1953 donari
1038 1916 1091 1954 nec
1113 1902 1260 1958 succedere
1311 1902 1389 1973 ipsos
1415 1919 1528 1972 quoqne
1558 1902 1686 1958 volumus
1715 1900 1840 1958 amovmi
1869 1901 1906 1956 ab
1936 1898 2012 1956 omni

596 1976 681 2035 licere
693 1997 784 2052 neque
796 1982 981 2039 contrahendi
997 1984 1101 2042 habere
1113 1985 1260 2043 licentiam
1347 1987 1521 2045 liberalitate
1534 1992 1563 2044 et
1575 1988 1748 2045 successione
1761 2028 1768 2042 .
1781 2028 1788 2043 .
1802 2026 1809 2043 .
1821 2003 1876 2043 non
1889 1983 2012 2041 donandi

1411 2092 1467 2131 non
1485 2077 1627 2146 poemenio
1644 2071 1828 2131 contrahendi
1847 2071 1948 2142 cuique

1348 2159 1532 2232 relinquimus
1549 2160 1717 2217 facultatem

563 2324 819 2395 testamentumque
837 2324 952 2384 inritum
970 2326 1010 2384 sit
1312 2351 1444 2407 suprema
1456 2333 1534 2389 illins
1545 2332 1685 2389 scribtura
1701 2332 1783 2388 irrito
1798 2329 1838 2387 sit
1852 2330 1912 2387 sive
1928 2332 2014 2387 asts-

1348 2422 1444 2475 mento

562 2578 667 2651 pasus
684 2578 753 2637 iun
770 2580 960 2639 saumones
977 2584 1057 2655 (son.
1070 2602 1104 2642 a
1122 2585 1198 2659 usn.)
1313 2545 1368 2645 lo
1389 2544 1500 2661 {aas}
1524 2544 1591 2647 tl
1615 2542 1713 2645 'eciem
1739 2584 1791 2641 uu
1813 2582 1889 2640 snos
1910 2580 2015 2654 ,ηοω

1349 2675 1477 2750 superius
1494 2674 1704 2748 conprehendes
1719 2670 1883 2731 condicione
1901 2670 2014 2727 servate

563 2839 605 2898 sio
628 2843 723 2901 tannen
744 2842 816 2903 lilios
843 2847 1003 2916 succedere,
1028 2847 1053 2906 si
1076 2848 1262 2923 penitentiam
1315 2871 1367 2912 lieo
1385 2851 1458 2911 lilios
1474 2851 1591 2909 heredes
1609 2849 1742 2910 exsistere
1755 2888 1762 2905 .
1776 2889 1782 2903 .
1796 2887 1803 2904 .
1815 2842 2015 2921 permittimus,

599 2929 709 3003 080¹i¹¹i
1350 2941 1405 2999 uisi
1425 2959 1443 2998 a
1460 2943 1580 3015 paterno
1597 2939 1740 3013 pravitate
1758 2932 1948 2999 discesserint;
1971 2931 2015 2989 sle·

1350 3029 1413 3086 licti
1430 3029 1506 3087 enim
1524 3027 1636 3085 veniam
1653 3023 1867 3098 paenitentibus
1884 3023 1983 3079 damus

564 3103 672 3171 Servos,
684 3104 708 3161 si
719 3107 823 3163 conscii
832 3124 888 3164 non
897 3113 971 3178 sunt,
983 3114 1063 3169 extre
1073 3114 1186 3188 culpam
1196 3134 1265 3185 esse,
1316 3117 1417 3174 Servos
1443 3116 1530 3174 etiem
1557 3117 1637 3171 extra
1663 3130 1765 3168 noxam
1791 3128 1852 3167 csse
1879 3108 2015 3172 volumus,

599 3189 624 3248 si
643 3192 834 3264 poenituerint
850 3195 918 3269 laic]
1350 3204 1477 3261 si....
1501 3203 1538 3259 ad
1563 3199 1711 3258 ecclesiam
1738 3195 1909 3254 catholicam
1932 3235 1986 3252 ...
2009 3236 2016 3251 .

1351 3289 1516 3348 transierint

566 3365 617 3421 hos
638 3363 758 3422 dominis
780 3369 984 3439 praeferendos.
1020 3374 1101 3438 Quod
1122 3375 1147 3433 si
1169 3395 1266 3436 servus
1318 3375 1455 3436 Praeferri
1469 3374 1519 3444 (sic
1528 3372 1587 3430 Vas.
1600 3373 1733 3443 atropos)
1750 3368 1909 3427 huiusmodi
1928 3365 2015 3424 horni-

600 3451 706 3510 eciente
719 3453 832 3512 domino
845 3459 943 3514 stnon
956 3458 1103 3532 proibente
1115 3464 1265 3532 connexit,
1352 3482 1418 3520 num
1436 3465 1533 3520 coetus
1555 3459 1667 3517 domino
1690 3458 1797 3514 sciente
1816 3494 1945 3512 .......
1964 3471 2016 3509 nec

600 3536 667 3594 dsoo
683 3537 846 3595 sociandum
1352 3548 1519 3620 prohibente
1545 3546 1697 3611 monuit,
1723 3540 1894 3615 patrimonio
1920 3543 2016 3596 nostm

566 3798 690 3852 ectonm
720 3815 785 3854 vero
812 3799 856 3857 vol
883 3807 1092 3872 procuratorem
1120 3806 1265 3878 plumbum
1318 3813 1398 3867 actor
1414 3809 1458 3864 vel
1477 3810 1641 3879 procurator
1659 3801 1842 3877 possessionis
1859 3795 2017 3856 cohercitns

601 3879 682 3951 (corr.
695 3898 729 3938 sor
746 3885 875 3959 plumbo)
893 3887 993 3946 debere
1014 3892 1185 3949 contundere
1353 3895 1469 3968 plumbo

568 4053 697 4114 idoneum
715 4064 840 4119 actorem
858 4062 1019 4136 deportatio
1036 4066 1175 4140 suscipiat
1318 4070 1479 4138 conductor,
1496 4066 1521 4124 si
1539 4066 1655 4124 idoneus
1674 4069 1725 4133 est,
1744 4064 1940 4137 deportabitur

569 4143 692 4202 indicem
719 4146 922 4222 despicientem
950 4153 994 4210 vel
1018 4154 1193 4214 differentem
1215 4158 1268 4214 XX
1317 4163 1410 4217 rector
1422 4154 1583 4230 provinciae
1601 4153 1626 4210 si
1643 4154 1715 4210 haee
1731 4150 1848 4210 crimina
1860 4194 1867 4207 .
1880 4194 1887 4209 .
1900 4195 1907 4208 .
1920 4151 2017 4211 diebe

602 4230 738 4291 librorum
757 4236 818 4294 auu
837 4237 992 4299 feriendum
1352 4244 1420 4302 lerit
1437 4248 1489 4302 aut
1506 4286 1512 4300 .
1530 4286 1537 4300 .
1554 4285 1580 4300 ..
1598 4241 1765 4315 neglexerit,
1787 4240 1862 4298 sciat
1878 4259 1908 4298 se
1927 4241 2018 4297 multo

1354 4333 1406 4388 XX
1424 4333 1559 4389 librorum
1577 4328 1640 4387 auri
1656 4328 1812 4386 feriendum

568 4405 732 4466 Mensores
748 4410 948 4486 singulasbic)
961 4417 1054 4475 cilicia
1070 4419 1166 4476 decem
1179 4418 1269 4476 librae
1320 4418 1483 4477 Defensores
1501 4460 1508 4474 .
1525 4459 1532 4472 .
1550 4420 1580 4474 et
1597 4416 1770 4489 principales
1791 4414 1903 4471 urbium
1926 4413 2019 4487 singu·

602 4493 797 4569 constringent
1355 4505 1446 4562 larum
1467 4523 1520 4561 nec
1537 4523 1592 4561 nou
1610 4507 1641 4560 et
1658 4503 1751 4559 officio
1768 4500 1956 4573 provincialis
1974 4502 2019 4558 de·

1356 4610 1416 4649 cern
1434 4591 1571 4647 librarum
1589 4589 1650 4647 nuri
1668 4604 1760 4660 poena
1778 4587 1954 4661 constringat

656 4778 863 4838 Nihilominus
881 4782 1029 4854 probabile
1047 4788 1091 4840 est
1111 4782 1221 4840 scholia
1242 4785 1313 4843 hacc
1335 4782 1443 4856 scripto
1464 4800 1524 4840 esee
1546 4785 1641 4838 stante
1659 4779 1839 4852 aliquatenus
1855 4797 1886 4837 ro
1903 4778 2021 4852 publica

570 4865 704 4925 bonnm
732 4868 896 4940 imperator,
915 4869 965 4941 qni
983 4870 1027 4928 ita
1042 4888 1105 4928 raro
1119 4870 1450 4944 appelletur(10,10,12.
1465 4872 1517 4938 14),
1535 4871 1701 4944 plerumque
1715 4867 1840 4940 princepe
1851 4865 1945 4924 dictus
1960 4866 2020 4924 eine

569 4953 656 5011 dubio
667 4955 812 5029 Angustus
828 4961 884 5024 est;
902 4957 1102 5016 dominationis
1117 4978 1214 5031 regum
1227 4959 1427 5016 Germanorum
1445 4976 1583 5029 nusquam
1597 4955 1748 5030 vestigium
1765 4953 1885 5028 repperi,
1903 4972 1968 5010 nam
1986 4972 2020 5010 cr

569 5060 603 5098 eo
614 5042 691 5112 quod
707 5043 801 5101 ἀουιοο
817 5052 913 5103 nostro
931 5045 1164 5104 constitutionum
1178 5045 1283 5118 passim
1295 5046 1459 5118 appellatur
1469 5044 1563 5101 ἄοικοι
1578 5045 1652 5115 sepio
1666 5044 1701 5112 (9,
1710 5042 1780 5110 30,2
1793 5071 1824 5083 -
1839 5041 1915 5108 12,1‚
1928 5043 2018 5098 114-

452 5191 456 5195 ,
571 5127 646 5193 12,6,
657 5129 689 5183 14
707 5161 741 5172 -
761 5132 801 5196 13,
813 5132 836 5196 1,
848 5132 951 5188 5.8.24
968 5162 1002 5174 -
1022 5133 1063 5198 16,
1073 5134 1098 5198 5,
1107 5133 1149 5188 52.
1160 5134 1208 5196 54;
1227 5131 1491 5198 similits112‚e,1e
1509 5163 1543 5173 -
1563 5132 1603 5197 lo,
1613 5132 1637 5196 5,
1646 5131 1692 5198 21)
1703 5146 1882 5199 nequaquam
1898 5127 1927 5182 id
1944 5130 2020 5183 recte

535 5279 538 5282 ⁴
569 5211 715 5270 efficietur.
751 5214 851 5272 Multis
867 5217 938 5273 locis
956 5217 1082 5275 videmus
1099 5221 1243 5274 auctorem
1260 5217 1302 5272 rei
1321 5217 1453 5289 publicae
1471 5217 1614 5274 Romanae
1631 5215 1737 5272 aetatis
1753 5213 1877 5270 labentis
1894 5211 2022 5269 terminis

570 5299 614 5355 nti
635 5300 676 5355 ibi
699 5318 822 5372 quoque,
846 5302 895 5360 nbi
919 5303 1041 5362 discedit
1064 5322 1082 5360 a
1105 5304 1339 5362 constitutionum
1362 5304 1462 5361 verbis.
1498 5305 1543 5360 Ito
1565 5301 1745 5358 nominentur
1761 5301 1786 5365 9,
1799 5301 1865 5364 14,3
1886 5299 2020 5365 inlustres,

570 5386 734 5456 spectabiles,
751 5388 902 5459 mma,
920 5391 1171 5462 transponenda
1183 5395 1213 5447 et
1228 5392 1385 5458 οἱαήοοὺηί,
1401 5388 1496 5457 9,1,3,
1515 5394 1544 5445 st
1556 5388 1629 5445 alibi
1640 5387 1796 5453 scbolooici,
1815 5385 1884 5442 item
1898 5385 1988 5451 11,81,
1996 5387 2021 5450 9,

571 5473 620 5532 nbi
643 5475 759 5534 additur
780 5475 812 5532 id
832 5483 871 5534 cst
892 5483 1031 5550 petrem
1053 5492 1167 5546 coma·
1191 5477 1380 5549 reiprioetiosi
1399 5476 1513 5545 10,1,a,
1534 5475 1689 5547 privationi
1711 5473 1825 5543 10,1,8;
1849 5472 2023 5543 mpidsiessi
