5250 6350
1172 644 1207 655 -
1242 610 1355 671 cuiun
1391 644 1424 654 -

574 774 694 836 maxime
712 774 741 835 in
753 773 961 846 balaneensis,
979 773 1028 833 sed
1042 790 1106 834 rere
1118 777 1230 848 praeter
1241 772 1428 833 Veronensern
1446 772 1532 832 etiem
1552 772 1580 831 in
1598 772 1715 847 reliquis
1732 772 1869 833 erunibus
1882 805 1915 817 -
1930 775 1951 833 ll
1963 796 2025 833 con·

575 865 661 925 triario
687 885 741 923 nou
765 864 856 923 minus
882 868 995 922 cosrstrst
1019 861 1239 937 subscriptiones
1262 867 1292 921 et
1315 862 1402 921 ctiam
1428 859 1518 937 mrvgis
1543 861 1741 937 inscriptiones
1763 864 1951 923 'l'hooclosiani
1976 886 2027 940 por

575 959 666 1011 totum
694 972 794 1025 corpus
821 958 852 1010 et
875 952 999 1009 omnium
1023 951 1144 1009 maxime
1167 953 1196 1007 in
1218 950 1396 1009 Constantini
1419 951 1542 1022 legibus,
1568 951 1743 1023 gravissimis
1770 956 1800 1010 et
1822 954 2026 1011 molestissimis

574 1040 672 1098 naevis
695 1040 785 1111 iisque
807 1043 858 1097 aut
877 1058 941 1097 oum
963 1039 1029 1109 ipsa
1050 1037 1251 1111 compilatione
1269 1037 1346 1094 natis
1364 1038 1520 1095 autetiam
1538 1037 1747 1108 antiquioribus
1764 1039 1870 1112 passim
1888 1040 2025 1098 laborare.

575 1129 676 1185 llirum
695 1145 847 1186 naevorum
864 1130 897 1183 nt
915 1125 998 1182 multi
1016 1126 1097 1181 nobis
1115 1124 1321 1197 insuperabiles
1340 1130 1413 1193 sunt,
1435 1124 1478 1181 ita
1495 1143 1550 1182 non
1569 1125 1668 1197 paucis
1685 1126 1795 1184 medela
1813 1129 1908 1199 potest
1925 1127 2026 1195 afferri,

575 1216 700 1289 dignitas
717 1233 790 1286 quae
813 1215 907 1273 deficit
929 1214 1048 1287 expleri,
1072 1214 1233 1286 corruptela
1256 1212 1284 1269 in
1303 1211 1385 1269 annis
1407 1212 1531 1284 locisque
1549 1211 1697 1270 commissa
1720 1219 1771 1271 ant
1794 1212 1858 1271 tolli
1881 1220 1932 1273 aut
1949 1219 2026 1274 certe

575 1302 770 1371 demonstrari;
796 1306 977 1372 versaturque
999 1300 1023 1356 si
1042 1317 1097 1357 non
1115 1299 1230 1357 editoris
1248 1299 1384 1367 officium,
1407 1305 1483 1358 certe
1500 1298 1634 1357 editionis
1657 1299 1768 1358 utilitas
1787 1301 1831 1359 vel
1853 1301 1975 1361 maxime
1997 1301 2027 1361 iu

576 1408 617 1458 eo,
636 1394 669 1447 ιιι
686 1390 732 1448 coi
750 1390 805 1448 hac
825 1391 869 1448 vel
888 1389 940 1446 illa
958 1390 1022 1461 lege
1039 1389 1175 1446 utendum
1193 1390 1244 1455 est,
1263 1405 1297 1444 en
1315 1388 1352 1444 ad
1370 1405 1432 1445 eam
1450 1387 1541 1461 ipsam
1559 1388 1684 1462 reperiat
1701 1388 1764 1445 mui
1782 1394 1885 1461 parata
1901 1408 1976 1461 qaae
1993 1392 2028 1448 de

575 1477 683 1535 talibus
700 1477 792 1534 afferri
811 1479 929 1549 possunt
946 1476 1036 1533 totins
1053 1475 1178 1548 corporis
1197 1475 1325 1532 examine
1345 1476 1476 1532 instituto
1494 1479 1524 1532 et
1542 1474 1651 1533 ratione
1670 1475 1762 1549 operis
1780 1480 1937 1549 perspecta.
1973 1478 2028 1536 Sed

576 1566 613 1621 ab
631 1564 691 1621 alia
713 1570 793 1636 parts
813 1563 843 1620 in
861 1562 905 1619 bis
924 1562 1021 1619 modus
1039 1564 1176 1620 tenendus
1194 1566 1238 1618 est
1256 1562 1527 1634 providendomque,
1546 1581 1581 1619 ne
1598 1562 1714 1620 editoris
1732 1564 1880 1621 adnotatio
1898 1570 2028 1623 excurrat

575 1650 605 1706 in
622 1669 714 1708 rernm
731 1654 874 1721 gestamur
894 1648 1118 1720 disquisitionem
1137 1649 1174 1705 ab
1193 1649 1255 1720 ipso
1273 1667 1388 1721 corpore
1406 1650 1529 1706 alienam
1553 1654 1583 1706 et
1607 1649 1635 1704 iu
1652 1650 1748 1721 legum
1765 1650 1938 1708 diversarum
1956 1652 2029 1710 inter

575 1756 605 1792 sc
629 1734 869 1806 comparationem
894 1736 1079 1791 necessariam
1106 1734 1232 1799 omnino.
1259 1736 1308 1791 scd
1336 1734 1413 1790 iusta
1440 1734 1624 1791 adnotatione
1650 1752 1704 1789 nou
1732 1736 2029 1805 comprehendendum.

576 1820 742 1876 Gotholredi
759 1836 845 1889 opera
862 1822 896 1874 nt
912 1818 1065 1874 utilissima
1083 1823 1113 1875 et
1134 1818 1188 1874 luit
1210 1821 1240 1874 et
1263 1818 1329 1883 erit,
1353 1818 1416 1888 ipsa
1440 1817 1547 1890 egregii
1567 1818 1620 1872 viri
1640 1818 1760 1890 vestigia
1779 1821 1926 1889 praeclara
1942 1821 2029 1877 edito

576 1925 634 1964 rem
652 1904 834 1963 deterrebant
851 1903 1007 1971 monentia,
1025 1922 1060 1960 ue
1079 1921 1130 1975 pro
1148 1903 1273 1961 editione
1291 1902 1486 1960 commentarii
1504 1903 1722 1959 substituantur.
1757 1903 1818 1977 ligo
1836 1903 1865 1960 in
1883 1906 2029 1964 laterculis

576 1992 625 2064 qui
643 1996 798 2064 sequuntur
816 1991 907 2048 tribus
925 1991 992 2048 huic
1010 1991 1102 2048 officio
1120 1990 1283 2048 satisfacere
1302 1995 1420 2048 coriatus
1436 2008 1508 2063 quas
1525 1990 1603 2064 leges
1620 1995 1733 2048 secutus
1751 1989 1812 2057 sinn
1830 1990 1888 2049 iam
1906 1992 2030 2055 breviter

577 2099 724 2152 exponam.

606 2221 627 2277 1.
646 2219 766 2295 Augusti
790 2218 873 2277 simul
897 2218 1068 2293 imperantes
1090 2217 1241 2276 secundum
1265 2236 1345 2274 mum
1369 2216 1528 2291 legitimmn
1553 2236 1649 2276 omnes
1671 2219 1754 2276 simut
1780 2222 2032 2282 constitutionibus

647 2308 776 2365 omnibus
788 2306 1024 2380 praescribuntur,
1042 2305 1130 2364 etiam
1148 2306 1191 2373 iis,
1210 2305 1357 2377 inquibus
1374 2304 1398 2361 is
1416 2323 1520 2373 eorum,
1538 2325 1556 2362 a
1572 2323 1628 2377 qno
1645 2324 1709 2363 vere
1727 2307 1829 2366 emissa
1846 2314 1898 2378 est
1915 2310 1960 2368 eui
1977 2313 2032 2370 001.

647 2395 784 2468 legaeque
802 2394 973 2452 mentionem
991 2392 1070 2459 lacit,
1089 2391 1118 2449 id
1136 2394 1211 2463 qnod
1229 2393 1261 2449 lit
1281 2392 1310 2447 in
1328 2392 1449 2448 novellis
1466 2392 1575 2448 duabus
1587 2392 1738 2450 'l'hecdosii
1755 2394 1782 2449 ιι
1801 2395 1894 2467 prima
1911 2401 1985 2468 (ab)
2002 2403 2033 2456 et

646 2481 842 2539 Valentiniani
853 2481 895 2537 111
912 2478 1049 2551 vigesima
1062 2479 1163 2550 quinta
1181 2481 1227 2547 (ci.
1240 2479 1360 2535 Hermae
1377 2480 1432 2535 vol.
1444 2481 1476 2534 ll
1495 2497 1522 2550 p.
1535 2479 1598 2548 539)
1617 2480 1662 2536 vel
1681 2481 1752 2537 adeo
1769 2480 1798 2536 in
1817 2480 1853 2537 iis
1870 2499 1941 2551 quas
1958 2483 2033 2541 alter

647 2570 791 2641 Angustus
814 2567 851 2623 ad
873 2565 993 2623 alterum
1016 2563 1121 2632 mittit,
1144 2564 1172 2620 id
1195 2565 1270 2635 quod
1293 2564 1326 2620 fit
1348 2564 1378 2619 in
1400 2565 1513 2621 novella
1530 2564 1683 2623 Theodosii
1702 2567 1728 2621 ll
1751 2566 1843 2638 prima
1864 2567 1951 2625 missa
1968 2587 2031 2627 cum

647 2654 758 2729 legibus
779 2655 817 2712 ab
839 2669 873 2711 eo
895 2651 964 2709 latis
980 2651 1017 2708 ad
1035 2650 1182 2723 collegam.
1219 2650 1374 2722 Propterea
1396 2651 1476 2707 unlla
1496 2650 1636 2722 reperitur
1658 2652 1825 2710 constitutio
1847 2654 1884 2711 ab
1903 2655 2031 2729 Angusto

647 2760 702 2798 uno
720 2739 895 2813 expluribus
911 2735 1030 2809 scripta;
1049 2755 1113 2795 nam
1126 2737 1313 2810 epistularum
1326 2737 1443 2793 duarum
1456 2738 1572 2793 llonorii
1590 2738 1626 2794 ad
1638 2737 1828 2796 'l'hecdosiam
1846 2743 1877 2798 et
1894 2741 1977 2798 huius
1994 2743 2032 2799 ad

647 2830 727 2886 illum
746 2830 780 2887 do
798 2826 940 2900 episeopis
958 2824 1065 2897 lllyrici
1083 2825 1202 2896 (lluenel
1221 2842 1297 2897 corp.
1310 2824 1365 2898 leg.
1385 2843 1412 2897 p.
1425 2826 1489 2895 240)
1507 2825 1704 2899 inscriptiones
1726 2827 1809 2901 plene
1832 2828 1954 2887 traditas
1971 2848 2031 2888 csse

646 2935 823 2990 nequaquam
846 2917 966 2972 constat.
988 2945 1021 2956 -
1043 2914 1193 2971 Caesarum
1211 2914 1260 2985 qni
1278 2913 1419 2987 porliaco
1438 2917 1566 2988 ternpore
1584 2917 1696 2973 ιιιιιιιιιιι
1714 2916 1829 2976 uomina
1850 2917 1879 2975 iu
1897 2917 2032 2977 constitu·

647 3006 772 3065 tionibus
794 3003 886 3077 plenis
908 3020 1018 3075 semper
1036 3002 1181 3075 adscripta
1198 3020 1257 3060 esse
1276 3001 1427 3058 verisimile
1446 3005 1490 3059 est
1507 3002 1553 3072 (cl.
1573 3004 1692 3061 Hermae
1713 3005 1766 3060 vol.
1781 3005 1812 3060 ll
1831 3024 1858 3078 p.
1871 3008 1942 3075 542).
1977 3008 2032 3065 Sed

646 3095 718 3150 haec
736 3091 896 3161 similiaque
915 3091 1049 3147 hocloco
1066 3108 1121 3145 non
1141 3089 1344 3161 persequimur,
1369 3107 1432 3145 cum
1455 3090 1621 3160 praesertim
1643 3091 1842 3163 inscriptiones
1859 3092 1889 3148 in
1906 3093 2033 3152 'lheodo-

646 3179 726 3236 sianc
745 3178 870 3236 traditae
888 3177 930 3234 ita
948 3177 1094 3234 breviatae
1111 3176 1170 3232 sint
1187 3179 1217 3231 et
1235 3176 1438 3246 interpolatae,
1456 3180 1489 3232 ιιι
1507 3176 1535 3231 in
1553 3176 1689 3233 eiusmodi
1708 3177 1951 3248 disquisitionibus
1969 3199 2033 3238 sac·

646 3265 792 3322 toritatem
809 3263 917 3320 nullam
935 3263 1069 3320 habeant
1093 3292 1126 3303 —
1149 3263 1353 3332 imperatorum
1372 3261 1553 3331 quisperant
1574 3262 1611 3318 ab
1634 3280 1660 3318 a.
1673 3263 1725 3320 312
1747 3264 1784 3319 ιιι
1806 3265 1897 3321 alas
1920 3267 2034 3325 uomina

647 3353 773 3408 recenset
790 3348 944 3406 laterculus
963 3348 1070 3419 primus
1088 3346 1207 3403 adiectis
1231 3347 1335 3418 spatiis
1359 3348 1418 3402 tam
1442 3347 1516 3403 reris
1539 3365 1624 3417 quarn
1647 3347 1682 3403 iis
1706 3367 1779 3418 quae
1803 3351 1982 3421 reperiuntur
2003 3352 2032 3408 in

649 3435 845 3494 Theodosiana
863 3439 965 3493 exacta
982 3435 1019 3490 ad
1037 3434 1206 3491 laterculum
1224 3434 1386 3491 mendosam
1405 3438 1435 3491 et
1450 3433 1651 3507 subscriptioni
1669 3453 1754 3507 saepe
1772 3438 1921 3495 contrane
1952 3439 2034 3497 Prae·

648 3529 726 3583 teres
747 3522 918 3597 singillatim
941 3521 1097 3594 interposui
1120 3520 1149 3577 in
1172 3521 1310 3578 laterculo
1334 3520 1420 3578 tertio
1442 3521 1568 3579 recensui
1591 3521 1823 3579 constitutionum
1846 3525 1883 3580 ad
1905 3528 2034 3599 tempora

651 3612 761 3687 digesto
780 3611 895 3668 nomina
911 3610 1120 3682 imperatorum,
1139 3607 1238 3682 qualia
1256 3609 1284 3665 in
1302 3608 1497 3666 Theodosianc
1515 3610 1700 3680 reperiuntur.

596 3738 630 3794 11.
649 3734 813 3792 Latercnlns
831 3732 905 3790 alter
922 3732 1136 3803 comprehendit
1154 3751 1298 3790 recensum
1317 3737 1376 3790 tam
1396 3752 1542 3806 corporum
1561 3752 1646 3804 qnam
1665 3733 1817 3801 hominum,
1835 3735 1872 3791 sd
1885 3754 1956 3807 quos
1972 3756 2034 3793 con·

650 3820 813 3877 stitutionss
829 3820 914 3875 datae
927 3823 993 3875 sunt
1005 3818 1111 3875 additis
1123 3819 1205 3875 annis
1217 3819 1379 3890 diebusque.
1409 3819 1542 3876 Homines
1555 3818 1679 3875 ordinati
1697 3825 1763 3877 sunt
1780 3822 1932 3878 secandum
1945 3822 2034 3895 digni-

649 3911 724 3964 tates
752 3907 789 3962 ad
815 3907 932 3961 tonnam
956 3922 1018 3961 eam
1043 3905 1115 3969 lere,
1142 3921 1227 3975 quem
1251 3905 1386 3976 proponit
1407 3905 1520 3962 Notitia
1543 3903 1723 3976 Dignitatem
1748 3905 1895 3977 utriusque
1920 3907 2033 3981 imperii

649 3992 754 4051 aetatis
779 3991 966 4049 Honorianse.
1007 3989 1149 4054 Quantum
1175 3989 1235 4047 lieri
1260 3991 1356 4065 potuit
1380 3991 1587 4064 coniungantur
1609 3991 1824 4050 constitutiones
1849 3993 1973 4052 directae
1998 3995 2035 4051 ad

651 4077 850 4152 magistratum
866 4079 985 4135 eundem
1002 4082 1224 4150 separantnrqne
1236 4096 1371 4150 personae
1386 4078 1525 4145 diversam
1543 4079 1593 4136 scd
1611 4077 1640 4135 in
1659 4098 1693 4137 ea
1709 4097 1740 4137 re
1758 4098 1821 4137 cum
1840 4081 1931 4139 multa
1943 4099 2035 4140 neces·

649 4167 725 4227 sario
741 4168 877 4242 ambigua
894 4173 1066 4237 remaneant,
1084 4167 1172 4226 etiam
1190 4169 1273 4240 plura
1290 4167 1351 4226 sine
1365 4167 1557 4242 disputatione
1575 4169 1612 4225 ab
1631 4166 1766 4225 eiusmodi
1784 4168 1922 4227 laterculo
1940 4169 2036 4229 aliena

650 4256 775 4334 expediri
798 4262 952 4331 nequeant,
975 4257 1138 4316 retinebunt
1156 4256 1205 4331 qui
1223 4275 1286 4316 curn
1304 4256 1483 4317 mlbibobuut
1500 4258 1668 4316 laterculum
1686 4255 1778 4333 iringis
1799 4258 1837 4316 ιιι
1855 4258 2035 4320 commodita-

652 4352 708 4406 tem
731 4345 874 4404 atentium
892 4346 1004 4405 institui
1023 4346 1152 4404 debuisse
1169 4365 1254 4419 qnam
1276 4347 1422 4404 adrerum
1442 4346 1600 4405 veritatem.
1636 4346 1732 4404 Sicubi
1751 4347 1888 4420 ριιιοιιίι,
1910 4349 2036 4420 adquae

650 4435 727 4508 leges
751 4436 835 4492 datae
858 4439 936 4501 sunt,
960 4435 1144 4506 magistratus
1167 4453 1221 4491 non
1245 4434 1381 4503 adicitur¹
1405 4435 1435 4491 id
1458 4436 1533 4505 qnod
1554 4435 1583 4491 in
1602 4434 1843 4492 Constantinianis
1863 4436 2036 4508 saepissime,

651 4525 798 4592 praeterea
821 4539 883 4577 raro
908 4521 1014 4588 evenit,
1038 4525 1071 4577 ut
1092 4522 1129 4577 ad
1153 4522 1230 4593 ipsas
1252 4521 1330 4593 leges
1353 4521 1383 4576 in
1407 4521 1591 4579 adnotatione
1618 4522 1724 4578 lactum
1746 4527 1801 4591 est,
1823 4522 1867 4579 ita
1889 4522 1976 4579 etiam
1999 4523 2036 4579 ad

650 4607 819 4664 laterculum
837 4626 901 4663 cum
920 4605 973 4674 ibi,
996 4607 1046 4663 ubi
1067 4625 1100 4662 ex
1119 4607 1185 4663 aliis
1207 4608 1317 4680 legibus
1336 4606 1486 4664 videbatur
1504 4607 1690 4679 probabiliter
1712 4625 1794 4678 posse
1811 4608 1950 4679 suppleri,
1976 4612 2036 4664 tum

651 4692 701 4750 ubi
718 4693 832 4752 aliunde
851 4694 886 4749 de
903 4712 938 4750 ea
956 4693 1042 4751 certis
1059 4694 1228 4751 testimoniis
1251 4694 1414 4761 constabat,
1439 4693 1565 4767 dignitas
1588 4693 1700 4750 adiecta
1723 4697 1780 4759 est;
1804 4697 1905 4752 neutra
1926 4693 2036 4752 ratione

651 4781 695 4837 vel
714 4783 790 4838 certe
809 4799 864 4836 non
881 4780 941 4838 sine
954 4780 1163 4838 commentariis
1174 4780 1361 4852 amplioribus
1373 4779 1422 4836 ubi
1434 4779 1561 4838 detectas
1576 4779 1703 4851 suppleri
1716 4785 1835 4852 poterat,
1852 4780 1881 4838 in
1893 4784 2035 4853 apparatu

651 4866 786 4925 adnotavi
805 4867 1003 4941 magistratum
1026 4884 1086 4925 esse
1109 4867 1259 4936 incertum,
1281 4868 1427 4926 abstineas
1446 4868 1558 4924 omnino
1576 4887 1594 4924 a
1611 4867 1780 4925 coniecturis
1797 4866 1891 4925 ductis
1908 4886 1942 4925 ex
1960 4886 2036 4925 mero

652 4955 746 5027 legum
769 4960 943 5028 argumento.
983 4954 1168 5027 Magistratus
1191 4955 1245 5012 hac
1267 4955 1376 5013 ratione
1399 4955 1526 5028 suppleti
1551 4955 1580 5010 in
1604 4954 1772 5012 laterculum
1796 4954 1969 5028 dignitatum
1994 4953 2037 5011 ita

651 5040 759 5112 recepti
781 5045 858 5109 sunt,
882 5045 916 5097 nt
940 5043 1059 5110 ssom(ess)
1080 5041 1171 5096 solum
1195 5041 1373 5098 enuntiatum
1397 5060 1457 5098 esse
1481 5043 1671 5098 adnotaretur.
1712 5042 1864 5099 Praeterea
1887 5040 1917 5096 in
1941 5059 1974 5099 eo
2000 5039 2037 5095 ad

652 5128 732 5182 finem
757 5125 885 5183 adiectus
906 5129 950 5181 est
976 5126 1058 5180 index
1077 5144 1171 5182 sorum
1189 5126 1347 5192 hominum,
1370 5126 1420 5195 qui
1443 5127 1472 5181 io
1491 5125 1722 5197 inscriptionibus
1744 5128 1839 5198 legum
1858 5125 2037 5182 nominantur

651 5210 792 5283 dignitate
810 5229 865 5267 non
882 5211 1034 5282 adscripta.
1052 5241 1086 5251 —
1105 5209 1290 5283 Magistratus
1307 5214 1338 5267 et
1356 5230 1446 5266 annas
1464 5211 1512 5267 ubi
1536 5210 1699 5282 discrepant
1722 5215 1751 5266 et
1773 5210 1946 5281 suppetebat
1968 5209 2035 5265 anni

652 5297 812 5356 emendatio
830 5296 1000 5371 probabilis,
1023 5296 1094 5353 haec
1117 5296 1231 5355 adiecta
1249 5301 1292 5354 est
1316 5297 1393 5355 intra
1411 5315 1497 5355 uncos
1514 5297 1679 5368 quadratam
1704 5296 1754 5353 nbi
1778 5314 1832 5353 non
1854 5297 2035 5370 suppetebat,

652 5385 757 5460 passim
776 5386 842 5444 hnic
860 5384 1025 5444 astenscum
1044 5383 1223 5458 praescripsi,
1244 5403 1298 5442 uon
1316 5403 1427 5458 sempor
1444 5390 1554 5451 bamam
1573 5383 1693 5442 maxime
1711 5384 1831 5443 confinia
1849 5387 2036 5458 praefectura·

652 5493 713 5534 rum
732 5474 781 5534 ubi
798 5473 933 5549 ambigua
949 5475 1016 5532 suut
1032 5491 1123 5548 neque
1139 5477 1261 5549 apparet
1279 5478 1342 5535 utro
1361 5474 1423 5532 loco
1441 5477 1564 5533 erratum
1581 5472 1627 5542 sit,
1646 5471 1774 5532 mterisci
1786 5471 1930 5548 appositio
1942 5492 2036 5547 super·
