5250 6350
673 1657 1195 1757 PROLEGOMENA
1231 1658 1306 1755 IN
1339 1660 1914 1756 'PHEODOSIANVM

1116 1938 1264 2005 OAPVT
1290 1937 1481 2005 PRIMVM.

874 2108 1240 2193 THEODOSIANI
1277 2108 1441 2191 ORIGO
1477 2109 1545 2191 ET
1576 2107 1720 2191 VSVS.

655 2315 709 2371 Per
725 2315 812 2387 longa
829 2314 951 2379 saecula,
970 2313 1074 2383 quibos
1092 2311 1175 2367 stetit
1192 2329 1236 2367 res
1253 2310 1370 2380 publica
1382 2311 1516 2375 Romana,
1535 2310 1579 2367 bis
1597 2314 1709 2367 tantum
1731 2296 2021 2454 Qash]

569 2400 648 2470 leges
659 2399 777 2470 publico
789 2399 865 2453 iussn
879 2398 1017 2454 collectae
1035 2401 1101 2452 suat
1117 2399 1147 2453 et
1164 2395 1369 2465 promulgatae,
1389 2398 1514 2465 tempore
1526 2396 1722 2465 antiquissimo
1778 2415 1840 2454 mss
1852 2416 1902 2468 per
1913 2399 2020 2455 decem·

569 2481 644 2537 viros
662 2481 773 2552 legibus
791 2481 953 2548 scribendis,
973 2482 1132 2538 collabente
1151 2479 1270 2551 imperio
1288 2478 1533 2551 Constantinopoli
1553 2497 1604 2550 per
1621 2480 1808 2537 Theodosium
1825 2482 1986 2540 seeundum.

655 2582 829 2639 Theodosius
848 2585 883 2640 11.
907 2583 1084 2656 imperatoris
1103 2582 1217 2639 Arcadii
1239 2581 1313 2638 illius
1335 2585 1420 2638 natus
1443 2599 1467 2637 a
1484 2583 1551 2647 401,
1574 2582 1718 2655 Angustus
1740 2586 1852 2641 creatus
1874 2602 1900 2641 a.
1917 2585 1970 2641 482
1991 2588 2022 2642 44

570 2672 634 2741 post
652 2668 743 2741 patris
761 2669 869 2727 obitum
887 2670 974 2726 4408
988 2670 1064 2726 solus
1077 2669 1231 2740 imperator
1241 2668 1374 2738 Orientis,
1393 2672 1542 2740 postquam
1560 2688 1615 2726 nou
1634 2670 1745 2727 nomina
1762 2671 1830 2736 solo,
1848 2671 1897 2728 sed
1913 2689 2021 2741 raquo

571 2772 625 2824 qua
643 2754 680 2810 ad
698 2772 789 2811 rerum
807 2754 1081 2811 administrationem
1099 2754 1236 2827 pervenit,
1255 2754 1361 2811 litteris
1379 2754 1556 2825 potissimum
1574 2754 1686 2813 deditus
1704 2758 1734 2812 44
1751 2773 1777 2812 a.
1789 2756 1841 2812 425
1860 2755 2020 2813 044444441-

570 2840 667 2912 nopoli
693 2839 788 2899 studia
812 2840 943 2897 liberalia
968 2840 1111 2897 ordinavit
1131 2843 1168 2908 (8,
1180 2841 1223 2905 21,
1236 2843 1248 2895 1
1262 2872 1297 2882 -
1311 2841 1352 2906 14,
1365 2842 1390 2906 9,
1402 2841 1420 2895 8
1432 2842 1464 2907 -Ι-
1479 2842 1519 2907 15,
1534 2842 1557 2906 1,
1570 2841 1628 2910 58),
1654 2841 1827 2899 constituens
1851 2841 1927 2899 inter
1950 2841 2022 2898 alios

570 2926 698 2984 doctores
715 2925 830 2998 publice
848 2926 1007 2984 nominatos
1024 2926 1106 2990 duos,
1124 2927 1173 2995 qui
1190 2927 1308 2981 iusisse
1327 2928 1417 2999 layum
1431 2927 1565 2993 formulas
1578 2926 1713 2996 4444444444,
1731 2930 1762 2982 44
1779 2945 1804 2983 a
1817 2927 1869 2983 429
1887 2927 2022 2985 constitn-

571 3009 662 3067 tiones
680 3011 895 3068 aOonstantino
907 3012 972 3068 inde
985 3012 1060 3067 latas
1072 3011 1169 3084 colligi
1189 3011 1279 3077 iussit,
1298 3014 1331 3068 ut
1349 3030 1450 3083 corpus
1467 3013 1510 3069 ita
1527 3013 1685 3069 4484444444
1702 3011 1893 3084 singularibus
1911 3014 2022 3086 legibus

571 3094 800 3153 substituendum
818 3098 928 3165 (1,1,5;
946 3097 1015 3152 item
1034 3097 1062 3151 in
1081 3096 1170 3168 gestis
1182 3114 1245 3152 mox
1258 3097 1400 3166 citandis),
1419 3114 1509 3166 eaque
1527 3097 1614 3153 iussio
1632 3114 1696 3152 cnm
1714 3097 1844 3153 effectum
1861 3115 1917 3153 non
1934 3097 2022 3154 babu-

573 3179 653 3246 issst,
676 3181 793 3238 eandem
817 3185 911 3239 tenore
934 3182 1063 3253 paullum
1085 3186 1195 3239 mutato
1219 3182 1313 3238 4485
1336 3181 1474 3253 repetivit
1490 3184 1525 3252 (l,
1540 3184 1563 3248 1,
1575 3183 1609 3252 8).
1645 3181 1777 3238 Directas
1799 3186 1865 3238 sunt
1886 3181 2022 3240 iussiones

569 3263 646 3338 prior
664 3264 700 3322 ad
718 3284 818 3323 novom
838 3265 911 3323 siros
928 3270 1105 3324 enumeratos
1123 3266 1151 3322 iu
1171 3266 1372 3324 constitutione
1390 3267 1489 3338 4429,
1508 3266 1647 3339 posterior
1663 3266 1701 3323 ad
1718 3265 1853 3334 sedecim,
1871 3285 1940 3338 qnos
1958 3285 2022 3324 enu-

570 3355 661 3410 merat
682 3351 848 3411 constitutio
872 3369 898 3410 a.
914 3353 966 3409 485
990 3371 1099 3421 ornnes,
1123 3356 1187 3411 octo
1210 3372 1304 3411 eorum
1328 3353 1387 3411 alia
1408 3353 1481 3411 iutra
1501 3353 1681 3412 momomnda
1703 3369 1729 3410 a.
1746 3351 1807 3411 488.
1848 3353 1879 3411 lu
1903 3356 2022 3427 utroquo

574 3437 696 3512 collegio
718 3439 839 3513 primum
862 3441 955 3498 locum
978 3441 1090 3499 obtinet
1108 3441 1260 3498 Antiochus
1277 3459 1300 3497 4.
1311 3441 1372 3511 inl,
1396 3439 1489 3498 dictus
1507 3440 1597 3496 4429
1620 3456 1654 3497 cs
1671 3446 1809 3512 4444444444
1825 3445 1851 3497 44
1870 3441 2024 3512 produco

573 3528 651 3596 (nam
662 3525 706 3583 ita
719 3526 913 3599 scribendum),
931 3528 1018 3585 4485
1034 3529 1231 3599 praefectoriam
1248 3544 1281 3584 sc
1298 3529 1455 3596 4444414444,
1473 3545 1498 3582 4
1509 3527 1562 3583 488
1580 3543 1614 3584 m
1626 3529 1763 3598 4444444444
1780 3544 1813 3584 sc
1829 3528 1951 3598 casuale,-
1968 3527 2024 3586 luit

575 3613 735 3686 praefectus
752 3614 894 3686 praetorio
911 3617 1064 3675 secundom
1081 3615 1220 3689 rescripta
1237 3618 1313 3672 certa
1325 3617 1360 3684 (9,
1369 3615 1413 3680 45,
1421 3613 1439 3668 4
1448 3645 1482 3656 -
1493 3615 1534 3680 11,
1544 3615 1587 3681 20,
1599 3614 1629 3680 8;
1647 3614 1715 3671 lust.
1728 3614 2026 3686 1,59,2(1481444444)

572 3717 597 3755 a.
613 3698 673 3755 480.
685 3700 745 3765 481,
763 3701 859 3757 consol
878 3701 1034 3761 ordinarius
1052 3723 1077 3760 a.
1089 3704 1149 3760 481.
1179 3701 1253 3756 Huic
1271 3699 1397 3756 adiuncti
1416 3703 1482 3755 sunt
1498 3707 1621 3769 44444444
1637 3701 1709 3755 suoi
1721 3701 1824 3770 4444444
1839 3718 1862 3756 o.
1875 3701 1922 3755 inl.
1935 3718 1960 3756 a
1972 3701 2025 3757 429

572 3783 721 3839 ,4444444444
743 3785 827 3851 alter,
854 3802 880 3840 a
897 3787 1111 3854 485-14444144
1136 3788 1202 3842 itero
1228 3786 1353 3853 4444444444
1373 3785 1514 3838 messoriae
1535 3801 1558 3839 o.
1575 3801 1616 3854 sp.
1641 3803 1666 3841 a
1682 3786 1734 3841 429
1759 3785 1931 3847 Ttwdonm
1955 3785 2024 3842 item

573 3869 695 3938 4444944444·
711 3871 874 3925 recisionem
897 3889 934 3926 44.
947 3890 985 3940 sp.
1004 3890 1029 3928 a.
1040 3873 1092 3927 429
1111 3872 1166 3927 (144
1184 3869 1323 3924 144ᾶί4444
1340 3871 1370 3925 44
1387 3868 1535 3937 nuceum,
1558 3870 1648 3925 4485
1666 3887 1760 3926 omnes
1778 3873 1913 3939 quattuor
1930 3870 2026 3925 Meri·

571 3955 670 4023 444444,
687 3954 824 4027 nasas
840 3957 876 4024 (a
888 3956 941 4011 488
958 3959 1081 4028 4444444444·
1091 3957 1251 4025 messoriae),
1270 3953 1417 4022 Diodorsss,
1430 3954 1578 4024 Procopius
1595 3958 1632 4024 (a
1643 3955 1696 4011 488
1712 3955 1841 4026 accidet
1856 3956 2024 4028 libellorum).

573 4042 616 4097 sd
632 4041 684 4098 hos
701 4041 946 4110 administrantes,
964 4063 1081 4115 quorum
1099 4047 1243 4113 4444444444
1262 4041 1409 4114 provincia
1432 4044 1506 4098 esset
1526 4059 1594 4098 cura
1610 4042 1718 4115 legum,
1740 4042 1878 4099 accedunt
1900 4060 1955 4099 non
1976 4043 2025 4099 ad-

571 4125 767 4185 ministrantes
794 4127 822 4183 in
848 4130 970 4202 collegio
998 4149 1023 4186 a.
1038 4131 1089 4185 429
1114 4133 1248 4199 quattuor
1267 4127 1407 4184 1444444444
1428 4145 1450 4182 4.
1468 4144 1505 4196 sp.
1529 4144 1563 4182 44
1582 4128 1736 4198 primicerio
1759 4131 1831 4184 socri
1854 4129 1968 4185 4444444444
1989 4129 2025 4197 (is

575 4212 650 4269 enim
672 4217 716 4268 444
738 4214 830 4269 ‘moses
851 4217 936 4270 4444444·
959 4215 1104 4284 merarii),
1130 4215 1263 4269 comoros
1286 4215 1317 4270 et
1333 4213 1460 4268 Essbulus
1481 4215 1518 4280 (a
1534 4212 1586 4268 485
1611 4213 1736 4284 masmar
1758 4215 1905 4283 morsos)
1929 4231 1966 4270 sc.
1983 4231 2025 4285 sp.

572 4315 606 4354 cs
625 4299 764 4368 4444444444
786 4300 960 4369 scriniorum,
984 4301 1092 4369 Apelles
1113 4299 1297 4367 4444144444,
1321 4298 1413 4354 idest
1434 4297 1604 4361 causidicum
1629 4297 1659 4351 in
1677 4297 1798 4369 collegio
1816 4315 1841 4352 a
1854 4299 1907 4353 485
1929 4299 2025 4355 decom

576 4382 748 4436 Maximinus
763 4399 786 4437 c.
799 4384 848 4438 sna
860 4399 894 4438 44
903 4390 1040 4452 4444444444
1057 4386 1128 4438 socri
1142 4386 1243 4453 palatii
1248 4404 1257 4449 ,·
1276 4385 1448 4452 8444444444,
1463 4383 1616 4453 dionysius
1628 4385 1663 4451 (a
1673 4382 1725 4438 488
1739 4386 1883 4452 water),
1900 4383 2025 4454 Alypius,

575 4465 764 4535 8444444444,
784 4467 972 4536 Apollodorus,
997 4468 1150 4524 1944444444
1172 4469 1272 4536 (4429
1295 4470 1420 4538 muciam
1437 4468 1602 4536 memoriae),
1627 4467 1707 4521 19444
1728 4484 1764 4522 oo.
1780 4483 1819 4535 sp.
1837 4468 1944 4522 44444444
1964 4484 2025 4523 oon·

573 4551 725 4617 sisimiooir
743 4535 859 4608 datm
876 4569 898 4608 4.
911 4569 951 4624 sp.
969 4569 1003 4608 ra
1018 4554 1126 4609 vicariis
1143 4554 1214 4609 iaris
1230 4554 1333 4623 41444444
1351 4553 1494 4609 Nestorius
1511 4571 1533 4609 r.
1543 4571 1583 4624 sp.
1596 4583 1628 4594 -
1641 4552 1809 4609 Absolutum
1825 4556 1869 4609 est
1884 4571 1954 4625 opus
1972 4554 2026 4611 iins

573 4654 598 4693 4
610 4636 676 4703 4894
699 4654 766 4693 uam
784 4634 906 4695 Faustus
924 4639 1083 4710 praefectus
1102 4639 1203 4699 ltaliae
1220 4638 1250 4696 in
1269 4639 1358 4715 gostis
1375 4638 1500 4696 laudatis
1518 4644 1615 4696 narrat
1637 4657 1709 4697 anno
1737 4637 1891 4712 superiora,
1915 4637 2026 4696 scilicet

573 4723 634 4790 489,
656 4723 790 4795 ‘peractis
810 4720 927 4797 nuptiis'
944 4724 1019 4784 inter
1031 4726 1263 4784 Valentinianum
1281 4726 1439 4799 Augustum
1461 4730 1491 4782 44
1508 4725 1663 4782 Eudoxiam
1681 4725 1832 4784 Theodosii
1855 4724 1942 4782 filiam
1965 4728 2026 4796 (aas

574 4808 670 4866 iactas
688 4812 753 4866 sunt
771 4809 817 4868 dis
829 4810 891 4868 Oct.
904 4812 937 4866 29
956 4813 1107 4869 secundum
1119 4813 1219 4870 014444.
1232 4813 1326 4870 mimi
1338 4832 1365 4886 p.
1376 4814 1429 4882 79),
1448 4831 1511 4869 com
1529 4831 1585 4870 una
1602 4815 1696 4871 emeat
1707 4811 1951 4885 Constantinopoli
1971 4812 2025 4868 duo

574 4895 708 4970 Augusti,
726 4896 911 4955 Theodosium
935 4897 990 4955 sibi
1013 4900 1157 4972 exemplar
1174 4899 1362 4959 'theodosiani
1382 4899 1506 4972 corporis
1527 4918 1579 4957 sua
1600 4919 1684 4958 manu
1708 4899 1857 4958 tradidisse
1874 4898 2023 4958 ‘directum

574 4982 720 5055 utriusqus
738 4985 959 5059 praeceptionc',
983 4985 1051 5045 itam
1074 4989 1195 5047 altemm
1218 4989 1326 5046 dedisse
1350 4988 1494 5061 praefecto
1517 4987 1658 5061 praetorio
1676 4987 1807 5046 Orientis.
1843 4987 1944 5059 ltaquo
1962 5006 2026 5045 cum

574 5070 604 5126 in
621 5069 722 5128 iisdem
739 5071 827 5146 gestis
843 5078 1012 5131 memoretur
1029 5091 1130 5147 comus
1148 5075 1360 5147 comprobatum
1379 5091 1439 5132 esss
1456 5073 1544 5132 etiam
1561 5075 1599 5132 ab
1616 5075 1785 5148 imperatore
1803 5073 1972 5141 Occidentis,
1991 5092 2027 5131 ea

573 5178 617 5218 res
639 5164 706 5218 scta
730 5164 774 5219 est
798 5162 871 5221 inter
896 5166 1064 5236 praesentes
1104 5164 1235 5221 Ostendit
1257 5164 1344 5222 stiam
1368 5162 1600 5221 constitutionum
1626 5163 1801 5221 novellarum
1826 5161 1867 5233 (id
1894 5166 1937 5219 est
1962 5167 2027 5234 post

572 5245 797 5304 Theodosinuum
808 5249 990 5320 emissarum)
1003 5250 1258 5306 Theodosianarum
1271 5267 1336 5306 sere
1352 5251 1452 5321 prima,
1470 5267 1542 5318 quae
1561 5249 1644 5306 hodio
1662 5249 1748 5305 tertis
1765 5252 1936 5312 numeratur,
1955 5249 2024 5304 data

574 5332 660 5388 4488
678 5333 737 5389 lan.
746 5334 777 5391 81
798 5339 945 5392 antaeum
963 5335 1037 5391 diem
1056 5334 1281 5391 'theodosianum
1299 5352 1351 5406 pro
1369 5335 1499 5391 absoluto
1519 5335 1648 5392 habitum
1666 5333 1758 5390 fuisse.
1796 5333 1962 5390 Publioatus
1980 5338 2024 5389 est

574 5433 599 5473 4
619 5417 729 5475 domum
746 5419 798 5475 488
818 5419 896 5478 Febr.
912 5422 944 5479 18
962 5440 1012 5493 per
1030 5420 1120 5494 legem
1140 5439 1211 5489 eam,
1229 5439 1302 5493 quae
1321 5421 1456 5493 sequitur.

678 5505 825 5563 244441.
1803 5525 1822 5560 s
