5250 6350
439 3329 545 3383 Codices

426 3401 557 3452 Weninrii

412 3471 449 3522 nd
469 3470 574 3522 itniinm

412 3543 574 3607 pertinentes.

1191 648 1224 660 -
1259 617 1378 676 coctu
1414 647 1447 660 -

593 780 642 851 qui
661 778 691 835 in
710 778 795 835 ltalia
813 781 939 848 tempore
957 775 1047 848 patris
1065 774 1126 833 eius
1143 774 1282 847 regnavit,
1301 774 1373 831 mihi
1390 776 1427 831 nd
1445 775 1608 833 solvendam
1626 776 1828 847 quaestionem,
1846 795 1913 834 num
1930 778 2044 836 Brevia·

593 866 665 922 rium
689 865 718 922 in
740 865 828 921 ltalia
852 883 903 937 pro
928 864 990 937 iege
1015 862 1113 930 iuerit,
1139 862 1257 929 nullius,
1282 864 1319 918 ad
1343 863 1545 934 explorandam
1569 881 1634 921 vero
1656 864 1794 937 originem
1816 865 1941 924 auctoris
1963 867 2045 924 buius

593 954 703 1025 glossae
728 952 825 1023 magni
847 950 981 1007 momenti
1007 968 1067 1007 esse
1092 949 1210 1005 videtur.
1246 949 1357 1006 Resisto
1381 950 1610 1021 interpretationi
1636 950 1743 1008 decimo
1767 953 1880 1009 saeculo
1905 952 1936 1008 iu
1960 953 2045 1010 ltalia

594 1041 754 1112 opinionem
782 1038 868 1095 iuisee
892 1038 1067 1093 Bresiarium
1095 1054 1129 1091 er
1155 1035 1331 1092 ordinatione
1357 1035 1450 1092 Caroli
1476 1036 1505 1091 in
1530 1036 1698 1106 quibusdam
1724 1036 1826 1095 ltaliae
1849 1038 1991 1109 partibus,
2015 1039 2046 1094 in

594 1126 698 1197 quihus
715 1126 759 1181 ins
771 1124 927 1181 Romanum
946 1122 990 1179 ius
1002 1122 1077 1193 quod
1095 1121 1202 1179 dicitur
1219 1126 1310 1178 terrae
1328 1121 1392 1188 init,
1411 1121 1484 1195 legis
1497 1121 1593 1193 vigore
1611 1126 1740 1179 ornatum
1754 1121 1840 1182 fuisse
1847 1128 1868 1196 ¹)
1882 1126 1927 1182 vel
1944 1126 2046 1183 salum

595 1214 728 1271 Romanis
745 1232 779 1269 ex
797 1211 893 1269 Gallia
914 1210 995 1278 ortis,
1020 1210 1069 1281 qui
1092 1210 1121 1266 in
1143 1209 1229 1267 ltalia
1251 1209 1422 1267 babitabant
1445 1211 1489 1267 voi
1511 1210 1549 1267 ad
1570 1214 1683 1284 tempus
1703 1215 1815 1270 tantum
1836 1213 1878 1270 ibi
1896 1231 2046 1271 commora-

595 1305 706 1370 bantur,
725 1302 753 1357 in
772 1300 830 1358 illis
848 1300 947 1367 causis,
965 1298 995 1355 iu
1014 1298 1118 1369 quibus
1135 1297 1181 1355 ier
1200 1296 1319 1370 originis
1337 1297 1499 1354 adhibenda
1517 1302 1586 1365 erat,
1604 1299 1762 1372 promiscue
1780 1319 1831 1373 pro
1849 1302 1913 1375 iege
1930 1301 2048 1373 new)

596 1393 642 1448 lus
659 1390 815 1448 Romanum
833 1388 874 1445 ibi
892 1385 1087 1444 codificatioue
1106 1384 1256 1442 iustiniani
1275 1385 1375 1442 aliisve
1394 1387 1526 1459 operibus
1547 1406 1581 1445 ex
1598 1390 1695 1446 eadem
1714 1388 1878 1461 compilatis
1895 1389 2047 1457 nitebatur,

595 1480 643 1536 sed
668 1478 833 1550 praesertim
858 1478 886 1533 in
910 1476 1039 1548 partibus
1065 1474 1145 1548 regni
1168 1474 1377 1547 langobardici
1404 1493 1439 1533 ex
1461 1475 1636 1548 temporibus
1661 1478 1725 1536 aevi
1749 1477 1875 1536 iiarolini
1902 1479 2049 1537 elementis

597 1566 826 1623 Gcrnruuicarum
848 1565 942 1637 legum
967 1562 1175 1633 aliquantulum
1195 1560 1400 1619 immutabatur
1420 1565 1450 1620 ot
1472 1562 1579 1620 indices
1598 1563 1692 1621 italici
1714 1565 1773 1623 inre
1791 1566 1904 1638 quidem
1923 1567 2048 1625 Romano

596 1652 754 1711 iudicantes
777 1652 899 1726 impigro
922 1670 973 1709 usu
998 1649 1219 1721 commercioque
1244 1649 1317 1708 inter
1336 1650 1483 1709 Fnsnciam
1501 1655 1531 1709 et
1549 1652 1661 1710 ltaliam
1680 1652 1872 1714 intercedente
1889 1657 2050 1728 fragmenta

596 1740 734 1798 Breviarii
760 1740 876 1811 eiusque
902 1738 1168 1811 interpretationum
1196 1750 1225 1795 et
1252 1738 1453 1810 epitomarnm,
1480 1740 1584 1810 quibus
1610 1741 1730 1798 Romani
1754 1744 1830 1799 ultra
1853 1744 1922 1799 fines
1949 1743 2050 1800 italiae

598 1827 745 1894 vivebant,
768 1828 816 1884 hic
838 1826 956 1897 illicque
978 1826 1128 1883 memoriae
1151 1826 1333 1881 mandabant.
1370 1826 1409 1881 Ut
1430 1826 1505 1882 inira
1527 1828 1701 1894 ostendetur,
1725 1848 1780 1886 non
1804 1829 1894 1886 eoinm
1912 1829 2051 1887 Breviorii

598 1915 707 1971 codices
731 1916 760 1971 in
779 1914 864 1971 ltalia
886 1913 1075 1985 reperiuntur,
1099 1912 1147 1969 sed
1171 1912 1259 1969 etiam
1283 1914 1443 1983 fragmenta
1466 1914 1608 1986 epitomae
1627 1915 1801 1986 Aegidianne
1823 1914 1855 1973 in
1877 1916 2051 1989 exemplaria

597 2000 703 2057 codicis
721 2000 870 2057 iustiniani
889 2005 919 2056 et
936 1999 1003 2056 libri
1022 1997 1169 2071 Papiensis
1187 1997 1360 2056 transierunt
1378 2001 1570 2071 formulasque
1587 2000 1647 2058 inre
1663 2002 1797 2058 Bresiarii
1814 2002 1937 2061 nitentes
1955 2023 2051 2061 manu·

597 2087 711 2160 scriptis
735 2087 845 2144 italicis
869 2087 1071 2143 inserebantur.
1108 2084 1161 2141 Cui
1185 2085 1273 2141 addas
1299 2085 1328 2141 in
1353 2086 1485 2157 partibus
1511 2087 1630 2144 Raetiae
1649 2088 1789 2146 curiensis
1810 2089 1889 2145 iliam
1913 2090 2052 2148 Breviarii

600 2173 742 2245 epitomen
755 2173 827 2246 legis
840 2173 896 2229 vim
909 2172 1053 2244 accepisse
1071 2172 1153 2244 eique
1171 2171 1200 2228 in
1213 2171 1302 2227 'iiroli
1320 2173 1505 2241 meridionali,
1524 2174 1603 2230 cuins
1621 2180 1732 2247 portem
1750 2175 1824 2232 inter
1835 2176 1907 2233 alias
1921 2179 2053 2235 nationes

599 2263 685 2319 etism
702 2262 770 2317 Itali
787 2262 926 2327 colebant,
946 2278 1025 2316 usum
1042 2260 1183 2330 quandam
1201 2259 1339 2315 forensem
1357 2260 1510 2318 obvenisse.
1545 2261 1607 2329 Qua
1624 2280 1654 2320 re
1672 2280 1727 2318 non
1746 2263 1856 2320 mireris
1872 2263 2005 2321 notitiam
2022 2268 2053 2322 et

600 2348 737 2404 Breviorii
761 2348 865 2418 integri
888 2347 1084 2418 epitomaeque
1106 2345 1220 2418 Aegidii
1244 2345 1288 2400 vei
1314 2346 1453 2402 variorum
1477 2367 1510 2405 ar
1535 2347 1581 2404 his
1602 2348 1684 2405 libris
1707 2356 1902 2421 excerptorum
1926 2356 1956 2407 et
1980 2351 2053 2424 legis

599 2434 740 2491 curiensis
757 2439 873 2505 propter
890 2435 1004 2489 brevem
1021 2436 1051 2489 et
1069 2432 1210 2488 concisam
1229 2434 1348 2489 formam
1371 2439 1402 2491 et
1419 2434 1499 2504 quia,
1517 2435 1593 2505 quod
1610 2440 1783 2503 statuerunt,
1805 2454 1891 2507 saepe
1909 2436 1970 2493 iure
1987 2436 2052 2494 Ger·

599 2520 711 2576 manico
734 2520 915 2576 immutatum
939 2519 1037 2589 itaque
1062 2518 1106 2573 his
1130 2518 1304 2588 temporibus
1321 2521 1534 2577 accomodatum
1556 2526 1631 2587 mat,
1656 2522 1685 2577 in
1709 2528 1806 2593 partes
1825 2523 1926 2580 ltaliae
1945 2523 2054 2579 vicinas

601 2610 763 2679 penetrasse
782 2606 942 2676 ibidemque
960 2607 1012 2662 has
1029 2605 1106 2676 leges
1125 2623 1181 2660 nna
1199 2623 1263 2660 cum
1281 2606 1348 2661 aliis
1366 2605 1435 2662 iun's
1454 2606 1534 2663 lihris
1552 2608 1708 2680 descriptas
1726 2612 1818 2679 (Μ’)
1851 2608 1924 2673 Quin
1941 2609 2053 2665 Brevia·

600 2696 672 2751 rium
690 2698 720 2749 et
737 2694 782 2749 ier
800 2694 926 2749 Romana
945 2691 1087 2749 Ouriensis
1109 2696 1142 2747 ut
1160 2690 1311 2748 iustiniani
1335 2711 1406 2765 opus
1425 2693 1469 2751 ius
1487 2693 1642 2751 Romanum
1661 2695 1853 2762 continebant,
1876 2695 2053 2753 coniecturas

601 2788 695 2841 iavere
713 2782 810 2839 malim
828 2780 935 2837 iudices
947 2779 1049 2837 ltrrliae
1067 2780 1124 2836 iiiie
1143 2780 1318 2852 temporibus
1331 2781 1519 2838 differentiam
1538 2782 1614 2839 intcr
1626 2783 1696 2839 duas
1714 2782 1922 2840 codiiicationes
1934 2783 2053 2855 plerum·

601 2890 656 2944 quo
674 2890 728 2929 non
746 2870 817 2928 satis
834 2869 1039 2944 intelligentes,
1064 2869 1088 2926 si
1110 2867 1184 2927 libro
1207 2867 1276 2934 iuris
1296 2869 1416 2927 &muni
1440 2870 1606 2941 utebantur,
1632 2890 1687 2929 nou
1706 2870 1952 2939 animadvertisse,
1976 2872 2055 2930 ouius

601 2959 712 3034 perieris
733 2958 831 3026 inerit,
856 2957 953 3030 itaque
975 2957 1127 3015 secundum
1146 2957 1238 3031 legem
1256 2957 1414 3016 Romanam
1431 2958 1613 3017 decernentes
1632 2959 1678 3017 bio
1696 2959 1799 3017 iihrum
1818 2957 1887 3017 iuris
1904 2959 2054 3018 iustiniani

601 3049 779 3105 decurtatum
802 3047 847 3104 rel
870 3044 1097 3118 compendiatum
1119 3044 1169 3102 iile
1188 3063 1253 3102 vero
1274 3046 1447 3104 Brevioriurn
1474 3046 1517 3105 vei
1544 3047 1605 3105 eius
1627 3048 1780 3120 epitomas,
1804 3048 1828 3103 si
1850 3049 1901 3104 hoe
1920 3047 2007 3104 libros
2028 3047 2055 3105 ei

602 3140 715 3208 praesto
739 3136 832 3202 amnt,
857 3133 1019 3191 adhibuisse
1043 3132 1162 3191 videtur.
1200 3133 1262 3196 Qua
1288 3132 1402 3204 quidem
1427 3133 1537 3192 ratione
1561 3134 1648 3193 etiam
1666 3134 1810 3193 Breviorio
1835 3134 1865 3190 in
1887 3134 2056 3206 quibusdam

602 3223 703 3280 ltaliae
722 3221 853 3294 partibus
871 3240 950 3278 usum
968 3221 1105 3277 forensem
1124 3219 1261 3293 obtigisse
1279 3221 1438 3292 putandum
1456 3226 1507 3278 est

688 3327 741 3383 His
752 3324 913 3398 praemissis
925 3325 1057 3382 notitiam
1069 3342 1205 3396 usumque
1218 3325 1421 3382 scholasticum
1431 3326 1568 3382 breviarii
1581 3344 1632 3399 per
1644 3327 1758 3384 ltaliam
1771 3328 1922 3385 tractaturi
1934 3328 2055 3400 primum

602 3416 769 3473 adnotamus
787 3413 936 3470 nonnullos
953 3412 1063 3470 codices
1081 3411 1255 3469 Breviorium
1275 3414 1319 3469 vel
1338 3413 1505 3486 compendia
1523 3413 1584 3470 eius
1607 3413 1784 3473 continentes
1801 3414 1920 3487 originis
1938 3416 2057 3474 Italicae

602 3520 662 3560 esse
685 3502 729 3558 vel
753 3501 783 3557 in
802 3500 985 3558 bibliothecis
1009 3499 1087 3556 illius
1109 3504 1200 3557 terrae
1223 3499 1383 3571 antiquitus
1407 3501 1587 3557 contervatos
1609 3518 1676 3557 esse.
1713 3502 1794 3559 Nono
1812 3503 1925 3560 saeculo
1943 3502 2057 3560 exeunti

603 3590 647 3646 vel
675 3588 783 3646 decimo
810 3587 958 3660 incipienti
986 3587 1097 3644 codices
1123 3586 1145 3642 Ε
1172 3591 1202 3643 et
1228 3587 1253 3642 X
1281 3587 1310 3643 iu
1338 3585 1514 3645 bibliotheca
1541 3587 1663 3660 capituli
1691 3588 1887 3660 Eporediensis
1915 3589 2057 3648 tribuendi

602 3678 677 3743 eunt,
700 3675 749 3747 qui
772 3676 863 3748 legem
888 3679 1012 3731 notham
1035 3674 1189 3731 continent.
1225 3674 1278 3730 Sed
1302 3679 1395 3731 utrum
1419 3673 1448 3730 in
1473 3674 1560 3731 Italia
1582 3674 1703 3731 coniecti
1726 3674 1784 3731 sint
1806 3694 1843 3732 au
1864 3675 1978 3733 aliunde
2000 3676 2058 3735 iam

604 3763 713 3835 pridem
731 3763 760 3817 in
777 3762 855 3817 iilius
873 3761 994 3833 capituli
1013 3761 1218 3817 bibliothecam
1236 3761 1363 3818 venerint
1381 3762 1502 3817 nondum
1521 3765 1640 3818 constat.
1671 3761 1888 3820 Animadvertas
1906 3763 2012 3820 codicis
2032 3765 2057 3820 X

605 3849 815 3903 liurbacensem
839 3846 1015 3916 deperditum
1038 3846 1190 3918 gemellum
1212 3846 1310 3911 fuisse,
1334 3845 1413 3902 ouius
1437 3847 1521 3916 copia
1543 3846 1619 3901 iussu
1637 3847 1777 3902 Boniiscii
1796 3848 1977 3903 Amerbncbii
1996 3867 2058 3904 con·

604 3933 713 4004 scripta
730 3931 759 3987 iu
777 3930 954 3987 bibliotheca
971 3930 1088 4001 publica
1106 3929 1235 3987 Basiieae
1253 3936 1388 4002 superest.
1419 3931 1531 3987 Codicis
1550 3949 1615 3986 vero
1632 3931 1655 3986 11
1673 3932 1785 4003 copiam
1805 3933 1940 3989 babemus
1958 3932 1987 3987 in
2006 3933 2057 3989 iiio

606 4019 661 4083 E‘,
679 4035 761 4089 quem
780 4016 1029 4073 vesontionensem
1048 4014 1157 4071 Cuiacii
1176 4021 1206 4072 et
1224 4016 1338 4071 Pithoei
1356 4034 1416 4073 esse
1434 4017 1565 4087 dicuntt)
1602 4017 1719 4073 Patetta
1737 4017 1805 4088 [Aa.
1824 4018 1935 4084 XLVII,
1953 4019 1996 4074 26.
2014 4020 2058 4090 30]

606 4105 693 4162 etiam
712 4105 837 4161 codicem
855 4104 876 4158 h
895 4103 997 4160 ltaliae
1015 4103 1128 4170 tribuit,
1151 4103 1200 4158 sed
1218 4102 1285 4158 huic
1303 4102 1429 4175 opinioni
1452 4103 1560 4159 nullum
1578 4107 1775 4176 argumentum
1793 4104 1919 4176 praebet
1956 4105 2060 4162 Contra

606 4193 771 4249 liauboldus
789 4195 919 4248 auctores
936 4190 1014 4246 libri:
1032 4191 1177 4247 ‘Nouveau
1191 4189 1289 4247 'fraite
1307 4191 1342 4247 de
1354 4190 1578 4263 Diplomatique‘
1588 4195 1701 4248 secutus
1720 4190 1844 4248 codicem
1863 4195 1914 4250 ant
1931 4192 2060 4250 initalia

607 4289 658 4340 sut
676 4283 705 4341 in
723 4281 818 4339 (lollio
835 4280 1014 4338 meridionali
1031 4281 1167 4353 scriptum
1186 4298 1245 4338 esee
1264 4286 1357 4352 putat,
1375 4281 1529 4340 Haenelins
1548 4299 1613 4339 vero
1625 4279 1736 4338 Galliae
1754 4279 1932 4338 meridionali
1949 4280 2058 4338 adiudi-

608 4372 689 4439 cat⁸)
730 4369 876 4435 Codicum,
902 4368 952 4440 qni
976 4367 1112 4426 Bresiarii
1139 4368 1336 4425 additamenta
1362 4374 1477 4441 sumpta
1504 4387 1537 4425 ex
1562 4368 1673 4439 integro
1696 4366 1891 4425 'theodosiano
1914 4369 2060 4439 praebent,

608 4457 807 4513 Ambrosianus
826 4455 848 4511 C
865 4456 899 4511 29
912 4455 961 4511 ini.
974 4456 1019 4527 [A]
1036 4475 1058 4511 s.
1072 4455 1120 4511 XI.
1137 4459 1254 4526 propter
1271 4455 1449 4525 scripturam,
1468 4473 1541 4526 quae
1560 4455 1646 4512 variis
1664 4454 1734 4510 locis
1752 4457 1885 4525 corrupta
1903 4458 1954 4520 eet,
1972 4455 2060 4525 potis·

698 4679 718 4746 ¹)
736 4680 788 4732 Cir.
801 4695 869 4745 quae
884 4677 982 4730 coiisse
1000 4676 1015 4727 i.
1029 4693 1051 4728 c.
1065 4673 1100 4728 ot
1117 4682 1224 4728 auctore
1236 4674 1379 4742 Scbnpiero
1397 4671 1464 4744 [Atti
1481 4675 1551 4728 daila
1569 4677 1598 4727 il.
1612 4675 1700 4728 accad.
1719 4675 1760 4727 dei
1772 4673 1870 4727 Lincei.
1888 4673 1914 4725 8.
1927 4673 1971 4739 lli,
1989 4672 2022 4735 cl,
2034 4671 2061 4723 di

608 4751 710 4804 sciense
727 4750 818 4802 morali
837 4748 894 4801 Vol.
908 4745 969 4814 litii
990 4742 1052 4816 7⁸¹]
1071 4747 1198 4815 exposuit.

697 4847 719 4913 ²)
738 4848 791 4899 cir.
809 4863 875 4913 quac
894 4846 993 4897 Pntctts
1006 4846 1061 4898 AG.
1076 4843 1108 4895 lh
1125 4851 1152 4895 et
1169 4843 1296 4894 Fonrnier
1314 4844 1340 4895 in
1355 4840 1631 4906 innumeratae
1649 4843 1780 4894 dixerunt
1811 4842 1851 4895 De
1867 4841 1957 4910 vigore
1974 4840 2061 4908 legum

609 4919 782 4970 Romanarum
805 4918 831 4968 in
850 4918 932 4968 torma
954 4916 1017 4967 iuris
1035 4923 1118 4968 terrae
1136 4909 1302 4981 [hendrschtl
1325 4923 1351 4966 ct
1373 4915 1439 4967 iuris
1461 4914 1569 4981 originis
1587 4909 1775 4981 [personiiches
1792 4905 1885 4978 Baebi]
1908 4927 1953 4979 per
1977 4920 2063 4979 partes

610 4989 699 5040 lutiae
717 4990 817 5048 corrier,
841 5003 910 5052 quae
929 4986 1074 5053 nuperrime
1091 4985 1120 5036 G.
1138 4984 1284 5049 Neumeyer
1300 4981 1363 5036 ‘iiie
1380 4984 1624 5052 genicinrecbiliclie
1642 4982 1827 5051 Errtwichiuug
1848 4982 1894 5034 des
1916 4982 2064 5034 heternatio·

610 5058 687 5111 naien
705 5058 880 5110 i’rivatrcohts
898 5057 951 5108 usrd
970 5055 1141 5108 Strsirechtes
1158 5054 1199 5107 his
1217 5050 1347 5106 liariuius'
1364 5053 1454 5121 (iiiiii)
1473 5054 1669 5121 diligentissime
1687 5053 1815 5122 exposuit.

698 5153 720 5218 ⁸)
737 5154 862 5205 hismeria
883 5153 990 5219 dignum
1013 5162 1053 5203 est
1075 5160 1127 5202 nes
1144 5150 1213 5201 iocos
1236 5165 1268 5200 ex
1287 5149 1345 5215 lege
1363 5151 1477 5201 Romana
1495 5150 1612 5200 Curiensi
1630 5149 1657 5200 in
1676 5148 1792 5214 capitula
1809 5147 1915 5198 Ιιοᾶοίοἰ
1932 5148 2064 5198 uenatione

611 5223 750 5288 eademque
763 5223 821 5288 iege
833 5224 959 5287 quaedam
973 5220 1063 5272 italice
1081 5229 1179 5272 statuis
1198 5228 1227 5270 ut
1239 5217 1320 5268 Vallia
1332 5219 1449 5269 'tellinae
1466 5219 1493 5269 in
1512 5218 1661 5269 ordinandis
1674 5218 1738 5268 iuris
1749 5215 1841 5268 dotelis
1857 5215 2063 5267 institutionibus

612 5292 668 5344 nisa
686 5308 742 5344 esee
760 5288 866 5360 [Conrat
883 5291 903 5354 1,
915 5287 975 5355 285,
995 5289 1117 5341 lioiteiini
1134 5290 1151 5338 l.
1164 5304 1187 5339 c.
1202 5285 1249 5338 ibi
1261 5283 1290 5353 ‘].

699 5387 721 5455 ⁴)
739 5387 792 5439 Cir.
810 5389 954 5439 liommsen
972 5387 998 5437 in
1017 5385 1057 5436 bis
1075 5384 1176 5452 Proleg.
1194 5383 1311 5435 LXXIV.
1331 5383 1475 5451 Lllliiisq.

701 5483 723 5552 ⁸)
740 5485 841 5538 Hacnel
857 5484 934 5537 hav.
952 5484 1046 5536 XLIX.
1066 5480 1107 5535 12.
