5250 6350
1177 588 1366 651 ..ιχ-

548 753 653 815 indicio
670 754 805 831 proditur.
842 754 882 813 ax
901 753 946 813 his
964 772 1024 823 eus,
1042 772 1116 826 quae
1134 772 1190 811 non
1206 758 1336 829 repertae
1355 752 1384 810 in
1401 751 1597 810 Theodosiana
1615 757 1709 812 nostro
1727 754 1839 813 fueruat
1861 754 1891 813 in
1915 752 1998 829 plene

548 846 577 902 in
599 846 679 903 libris
701 846 785 903 hodie
807 844 917 902 mutilis
940 843 1065 916 quinque
1087 842 1227 916 prioribus
1249 848 1279 900 et
1303 846 1427 900 extremo
1449 848 1563 909 octavo,
1590 842 1619 899 iu
1643 844 1697 899 hnc
1724 843 1848 902 editione
1870 848 1998 917 repetere

547 933 700 999 noluimus,
722 931 772 989 sed
792 932 957 989 admisimus
975 949 1023 988 eas
1040 932 1070 986 in
1086 930 1239 987 laterculos
1257 936 1366 988 nostros
1384 934 1443 987 tam
1462 931 1636 1003 dignitatum
1653 949 1738 1001 qnam
1761 932 1997 1003 chronologicum.

549 1018 771 1075 Constitutiones
788 1021 915 1073 servatas
933 1016 962 1071 in
980 1019 1100 1087 utroque
1118 1033 1232 1087 corpore
1251 1016 1356 1088 passim
1374 1016 1493 1073 invicem
1512 1034 1572 1073 sese
1591 1018 1741 1074 emendant
1758 1022 1788 1073 et
1810 1022 1843 1073 ut
1865 1016 1914 1073 nbi
1933 1018 2000 1073 libri

548 1103 579 1161 in
598 1103 754 1161 Iustiniana
776 1103 887 1161 variant
905 1103 1130 1161 Theodosianum
1152 1103 1344 1161 testimonium
1365 1102 1446 1160 litem
1470 1103 1599 1162 dirimere
1620 1103 1706 1172 solet,
1731 1103 1785 1170 ita,
1808 1103 1877 1161 licet
1901 1104 1999 1172 rarius,

549 1191 738 1248 Theodosiani
756 1191 924 1263 corruptelis
941 1191 1098 1250 lastiniana
1115 1191 1201 1248 lectio
1213 1191 1366 1262 aliquoties
1378 1190 1517 1248 subvenit
1545 1190 1724 1263 Quapropter
1741 1190 1778 1248 ad
1790 1190 2000 1248 Theodosiaaas

549 1278 766 1335 constitutiones
783 1278 957 1337 Iustinianae
978 1282 1008 1336 et
1025 1279 1177 1351 adlegatae
1194 1284 1260 1335 sunt
1282 1283 1311 1336 et
1330 1278 1426 1335 variae
1443 1278 1574 1335 lectionis
1592 1277 1621 1334 in
1639 1282 1780 1350 appamtu
1798 1278 1872 1335 ratio
1889 1278 1999 1345 habita,

550 1384 613 1423 cnm
631 1366 742 1424 delectu
760 1371 863 1424 tamen.
898 1366 972 1423 Nam
995 1366 1024 1422 in
1042 1384 1157 1439 corpore
1175 1365 1331 1423 Iustiniana
1349 1384 1412 1422 curn
1430 1366 1515 1423 multi
1538 1367 1593 1423 loci
1615 1366 1743 1424 consulto
1764 1367 1868 1423 mutati
1890 1366 1948 1423 siut
1966 1397 2000 1408 -

550 1452 709 1526 composuit
725 1453 897 1513 mutationes
914 1472 962 1512 eas
978 1453 1132 1527 diligenter
1149 1453 1179 1510 a
1192 1452 1286 1526 Grupe
1303 1454 1471 1523 (Zeitschrist
1489 1454 1536 1510 der
1553 1453 1823 1526 sarman-stillam,
1844 1460 1909 1512 rom.
1922 1455 2000 1511 Auru.

552 1542 606 1599 vol.
621 1541 756 1614 1411893]
775 1560 802 1614 p.
810 1542 862 1598 224
875 1560 944 1613 seq.;
965 1541 1163 1615 ιοΙ.15[1894]
1182 1560 1209 1614 p.
1220 1543 1273 1598 327
1285 1544 1353 1613 seq.)
1365 1573 1399 1584 -
1414 1560 1463 1599 eas
1480 1541 1651 1599 mutationes
1669 1560 1702 1598 ex
1720 1548 1862 1615 apparatu
1880 1547 2002 1600 remotas

551 1629 632 1686 iuxta
649 1634 758 1687 textum
771 1628 981 1702 adscripsimus;
999 1633 1065 1686 sunt
1082 1629 1156 1686 enim
1174 1629 1288 1686 omnino
1306 1629 1446 1688 notabiles
1464 1636 1494 1687 et
1511 1632 1685 1687 commodum
1704 1630 1759 1687 erit
1775 1635 1926 1701 utrumque
1944 1636 2002 1688 tex·

552 1720 612 1772 tum
631 1716 742 1788 plenius
759 1733 844 1788 quam
862 1716 955 1771 adhuc
973 1717 1080 1773 factum
1097 1722 1142 1773 est
1159 1715 1242 1772 simul
1260 1716 1312 1771 snb
1331 1716 1420 1772 oeulis
1438 1717 1551 1772 babere.
1585 1716 1721 1787 Reliquae
1740 1722 1835 1774 antem
1853 1716 2002 1773 Iustiniani

552 1802 676 1874 eorporis
693 1801 829 1859 lectiones
847 1801 942 1858 variae
960 1801 1009 1869 ibi,
1027 1802 1076 1858 ubi
1095 1801 1246 1859 Iustiniani
1263 1801 1330 1858 libri
1349 1802 1392 1859 ita
1411 1802 1530 1867 variant,
1548 1806 1581 1859 nt
1598 1820 1664 1875 pars
1682 1820 1777 1859 eorum
1795 1821 1859 1859 cum
1877 1803 2003 1860 Theodo-

551 1887 632 1943 siano
655 1886 745 1944 iaciat
768 1892 798 1944 et
820 1888 961 1959 perhanc
985 1887 1076 1958 ipsum
1100 1888 1264 1960 plerumque
1287 1892 1399 1944 constet
1420 1888 1454 1943 de
1472 1887 1593 1946 lectione
1616 1888 1765 1961 archetypi
1788 1889 1949 1956 lastiniani,
1973 1890 2003 1946 iu

552 1973 626 2029 banc
644 1972 767 2044 corporis
784 1973 947 2030 vetustioris
968 1975 1156 2032 recensionem
1178 1991 1233 2029 non
1250 1974 1390 2031 admissae
1408 1978 1475 2030 suut
1495 1973 1551 2029 nisi
1573 1992 1607 2031 er
1626 1975 1710 2031 certis
1729 1975 1820 2030 causis
1838 1992 1888 2048 per
1907 1994 2004 2047 excep·

553 2059 667 2115 tionem.
704 2057 808 2115 Contra
825 2059 875 2115 nbi
893 2058 1051 2116 Iustiniana
1074 2060 1160 2116 lectio
1183 2058 1329 2131 primitiva
1352 2058 1395 2116 ita
1417 2059 1513 2115 differt
1534 2059 1777 2127 aTheodosiana‚
1800 2066 1834 2118 ut
1858 2061 1892 2117 de
1916 2066 2005 2118 muta·

553 2146 629 2203 tione
652 2146 780 2203 consulto
801 2145 879 2203 lucta
902 2145 1023 2218 cogitari
1045 2150 1178 2219 nequeat,
1203 2145 1282 2203 illam
1304 2145 1357 2215 ibi,
1381 2144 1430 2203 ubi
1449 2145 1646 2203 Theodosiana
1667 2146 1753 2203 lectio
1775 2150 1852 2205 certo
1873 2148 2005 2206 mendosa

554 2234 616 2291 visa
632 2238 688 2302 est,
710 2232 739 2289 in
757 2238 867 2292 textum
884 2233 991 2307 recepi;
1014 2237 1161 2307 praetcrea
1178 2252 1241 2292 eam
1263 2237 1314 2291 aut
1336 2232 1365 2289 in
1383 2232 1510 2307 margine
1532 2234 1627 2307 posui,
1650 2234 1679 2291 id
1698 2233 1832 2307 quodibi
1850 2234 1908 2292 t'ere
1926 2253 2006 2309 prae·

554 2320 621 2390 tuli,
643 2321 693 2379 uhi
715 2339 811 2395 parem
833 2340 897 2379 cum
919 2322 1115 2381 Theodosiana
1137 2322 1338 2381 anctoritatem
1360 2322 1465 2380 habere
1482 2321 1636 2391 videretur,
1661 2328 1713 2381 aut
1733 2324 1886 2397 apparatui
1911 2327 2006 2382 nestro

554 2409 670 2477 inserui,
688 2409 719 2466 id
736 2411 811 2482 quod
829 2408 858 2466 iu
877 2409 1031 2467 minoribns
1048 2411 1105 2467 lere
1124 2410 1231 2468 laetum
1248 2415 1299 2467 est
1335 2410 1561 2481 subscriptiones
1578 2410 1607 2465 in
1624 2410 1782 2467 Instiuiuno
1799 2417 1913 2483 praeter
1922 2410 2006 2467 Vero·

555 2514 668 2552 usnsem
685 2496 788 2552 librum
806 2499 857 2553 aut
874 2499 1003 2553 servatae
1020 2502 1086 2553 suut
1104 2499 1253 2569 corruptae
1271 2502 1301 2554 et
1319 2496 1436 2552 mutilae
1455 2496 1497 2562 (id
1514 2496 1590 2565 quod
1608 2496 1687 2552 cadit
1705 2496 1883 2567 potissimum
1900 2497 1930 2553 in
1948 2499 2007 2569 epi·

555 2584 726 2638 tomatorum
740 2581 794 2636 1³1.
811 2586 840 2637 et
858 2581 887 2636 iu
905 2581 1115 2651 Haliaudriuas)
1133 2587 1184 2638 aut
1202 2582 1286 2654 plane
1305 2581 1438 2639 deficiunt
1456 2581 1553 2652 itaque
1572 2581 1781 2638 Theodosianas
1799 2582 1828 2637 in
1846 2583 2007 2639 universum

554 2667 655 2725 melius
672 2666 793 2724 traditas
809 2685 872 2724 raro
891 2668 1007 2739 explent
1024 2670 1069 2726 vel
1087 2668 1249 2734 emendant;
1272 2673 1446 2739 quapropter
1464 2685 1512 2724 eas
1529 2667 1732 2723 'theodosianis
1754 2668 1873 2740 apposni
1896 2669 2007 2726 delectu

556 2752 664 2810 habito.
694 2754 871 2825 Apparatum
889 2753 1076 2811 lastinianum
1094 2754 1236 2826 desumpsi
1254 2770 1287 2809 ex
1305 2754 1421 2826 egregia
1438 2753 1562 2811 editione
1577 2752 1770 2825 Kruegeriana
1787 2754 1924 2811 vocabulo
1937 2755 2006 2811 lua.

556 2837 726 2912 praeposito,
744 2840 862 2897 retentis
879 2840 955 2897 notis
972 2840 1079 2910 iisdem,
1097 2858 1215 2912 quarum
1231 2839 1400 2897 laterculum
1417 2844 1568 2913 propterea
1584 2840 1683 2897 tabula
1700 2843 1796 2896 uestra
1813 2840 2009 2898 subministrat

557 2925 726 3000 praefationi
745 2927 907 3000 praemissu.

369 3019 448 3087 Ispa
461 3018 546 3071 Oaros.
645 3014 677 3069 V.
704 3014 794 3084 Leges
817 3013 967 3084 pleraeque
989 3012 1135 3069 natiormm
1153 3012 1381 3069 Germanicarum
1399 3013 1436 3068 ad
1454 3011 1643 3068 Theodosiani
1661 3012 1849 3069 recensionem
1871 3029 1926 3068 non
1949 3030 2008 3084 per·

559 3097 683 3153 veniunt.
711 3096 895 3160 Quaestiones
907 3097 1071 3168 implicatae
1088 3102 1118 3154 et
1134 3102 1336 3162 controversae,
1354 3098 1427 3152 unde
1439 3096 1610 3152 adsciverint
1621 3096 1795 3165 antiquiores
1807 3114 1903 3152 aarum
1915 3096 2010 3153 Salias

559 3183 757 3240 Rihnariorum
774 3184 993 3240 Alamannorum
1012 3185 1109 3254 capita
1125 3183 1263 3253 quaedam
1282 3201 1346 3239 cum
1364 3183 1500 3256 religione
1519 3183 1680 3239 Christiana
1702 3184 1865 3250 coniuncta,
1888 3201 2011 3255 praeser-

559 3271 611 3328 tim
630 3270 664 3328 de
681 3269 898 3327 manumissione
915 3269 945 3326 iu
963 3269 1083 3326 ecclesia
1100 3269 1147 3340 (ct'.
1164 3270 1209 3327 lex
1228 3269 1426 3326 Ribnariornm
1444 3287 1468 3325 e.
1480 3269 1525 3340 58)
1543 3274 1573 3326 et
1591 3270 1625 3326 de
1642 3269 1751 3342 nuptiis
1769 3269 1884 3327 incestis
1901 3270 1947 3338 (ct.
1965 3270 2011 3327 lex

558 3356 890 3428 alemannorumque),
913 3358 950 3413 ad
972 3356 1016 3412 ius
1033 3355 1191 3413 &manum
1209 3357 1363 3428 pertinent,
1387 3374 1441 3413 non
1460 3357 1496 3413 ad
1515 3356 1665 3413 Theodosii
1684 3355 1818 3413 codicem.
1853 3356 1910 3413 Lex
1928 3356 2011 3413 Bain-

561 3444 701 3502 vuriorum
718 3449 752 3504 ut
769 3463 824 3502 uno
841 3447 918 3503 certe
935 3444 998 3501 loco
1016 3445 1086 3513 (1,1,
1098 3445 1141 3515 12)
1159 3443 1389 3501 constitutionem
1406 3462 1432 3501 u.
1444 3443 1496 3500 420
1514 3444 1550 3501 od
1569 3445 1684 3501 verbum
1701 3442 1802 3512 reddit,
1821 3461 1856 3501 aa
1873 3447 1918 3502 est
1935 3450 1965 3502 et
1983 3444 2012 3501 iu

560 3533 755 3592 Theodosiauo
778 3538 837 3592 tam
860 3533 970 3606 integro
993 3533 1046 3602 (16,
1055 3533 1080 3601 2,
1088 3535 1135 3604 44)
1158 3551 1243 3604 qnam
1266 3532 1395 3589 breviato
1419 3535 1449 3588 et
1473 3531 1502 3588 iu
1526 3531 1681 3589 lustiniuno
1703 3532 1828 3605 (Libit)
1850 3534 1880 3589 et
1902 3549 1936 3589 ex
1959 3533 2013 3588 hoc

562 3622 760 3697 potiusquam
778 3639 812 3679 ux
831 3620 882 3678 illo
900 3620 929 3678 in
948 3621 1039 3696 legem
1058 3638 1120 3679 cam
1139 3620 1278 3680 brunslutu
1295 3623 1340 3678 cst
1357 3621 1403 3691 (ei,
1422 3619 1528 3678 Merkel
1549 3618 1577 3677 iu
1597 3620 1683 3694 praei.
1703 3620 1765 3678 llil.
1778 3619 1831 3679 hh.
1843 3620 1883 3678 lll
1904 3639 1930 3695 p.
1942 3621 2013 3692 214).

562 3712 720 3779 Praeterea,
732 3715 765 3768 ut
777 3728 850 3781 quus
862 3710 897 3768 de
909 3708 1021 3784 legibus
1032 3708 1077 3766 his
1089 3702 1265 3788 hiqdicenda
1276 3713 1342 3768 suut
1354 3727 1409 3766 uno
1422 3710 1484 3765 loce
1497 3708 1725 3781 complectimur,
1738 3709 1907 3767 recentiores
1918 3728 2014 3768 aarum

561 3798 732 3855 breviarium
744 3796 936 3854 Alariciannm
948 3796 1147 3861 adhibuerunt,
1163 3796 1280 3853 fortasse
1293 3796 1523 3870 Langobardicae
1532 3799 1559 3866 ¹).
1578 3800 1655 3853 certo
1667 3796 1862 3853 additamenta
1874 3797 1911 3852 ad
1923 3797 2014 3869 legem

562 3884 686 3941 Salicem
703 3902 727 3940 c.
741 3884 782 3950 18,
800 3883 850 3939 ubi
868 3900 942 3953 quae
958 3883 1092 3955 leguntur
1110 3883 1143 3937 de
1162 3882 1348 3938 matrimoniis
1367 3882 1472 3948 vetitis,
1492 3882 1611 3938 veniunt
1628 3900 1662 3939 ex
1680 3882 1914 3954 interpretatione
1926 3883 2015 3938 Alari-
2093 3884 2098 3898 '

563 3970 646 4026 ciana
664 3968 800 4041 (Lnening
819 3968 967 4024 Gadeietta
983 3968 1028 4023 des
1046 3969 1250 4023 Kircbenreelrts
1267 3970 1374 4038 2552).
1410 3967 1464 4023 Sed
1486 3968 1557 4024 haec
1578 3967 1738 4037 similiaque
1760 3985 1810 4038 per
1830 3987 1860 4026 se
1884 3986 2016 4024 memora

563 4055 635 4112 bilia
652 4073 707 4112 nou
724 4055 834 4111 iaciunt
850 4054 887 4111 ad
900 4054 1126 4111 constituendum
1144 4059 1253 4112 textum
1270 4071 1305 4111 ne
1323 4053 1566 4125 interpretationis
1578 4054 1692 4124 quidem
1705 4053 1884 4111 Alaricianae
1902 4053 2017 4110 aliunde

564 4142 633 4198 satis
651 4140 820 4198 stabilitum.
835 4141 957 4197 -Idem
974 4139 1099 4197 dicemus
1117 4142 1151 4197 de
1168 4141 1295 4197 tonnulis
1313 4140 1474 4211 chartisque
1487 4139 1653 4213 praesertim
1666 4139 1796 4205 Gallicis3
1814 4139 1922 4197 hahent
1934 4159 2016 4211 qnae·

565 4229 630 4287 dam
648 4233 762 4300 sumpta
779 4246 813 4285 ex
832 4226 1080 4284 constitutionibus
1104 4227 1134 4283 in
1152 4226 1323 4284 breviarium
1345 4227 1467 4298 receptis
1490 4232 1520 4284 et
1538 4228 1630 4300 magis
1652 4228 1739 4285 etiam
1763 4246 1911 4284 erearum
1933 4227 2017 4283 inter·

565 4313 773 4387 pretationibus
797 4315 837 4383 (id
859 4315 933 4385 quod
959 4315 994 4371 de
1018 4314 1145 4371 formulis
1166 4313 1375 4371 Turonensibus
1397 4315 1599 4371 demonstrarit
1625 4316 1739 4372 'baumer
1761 4314 1824 4371 aa.
1846 4314 2014 4371 termulael

565 4418 593 4472 p.
608 4401 681 4469 130),
706 4401 756 4457 sed
778 4418 915 4469 nusquam
937 4401 1002 4455 inde
1020 4401 1119 4457 adlata
1136 4400 1206 4466 vidi,
1230 4418 1302 4470 quae
1321 4401 1494 4456 adscendunt
1510 4401 1548 4456 ad
1565 4400 1793 4457 Theodosianum
1816 4400 1965 4471 integrum.
1985 4429 2018 4440 —

566 4487 665 4555 ltaque
690 4486 807 4555 reliquis
831 4485 915 4540 huius
934 4485 1047 4556 generis
1069 4484 1244 4541 documentis
1268 4485 1472 4555 praetermissis
1494 4487 1673 4542 attendemus
1697 4487 1733 4540 ad
1756 4486 1830 4540 solas
1853 4485 1930 4555 leges
1947 4483 2017 4540 Visi-

567 4570 697 4643 gothicas
715 4569 888 4639 antiquiores
906 4573 935 4625 et
954 4569 1183 4641 Burgundionum
1202 4575 1231 4626 et
1249 4569 1507 4626 Theodericiauam.

412 4665 467 4720 les
481 4663 557 4734 Tisip.
656 4657 704 4713 VI.
730 4657 819 4728 Leges
836 4673 933 4727 regum
949 4655 1161 4727 visigothorum
1179 4654 1281 4711 Gothis
1298 4655 1366 4711 solis
1384 4656 1550 4721 destinatae,
1570 4673 1642 4725 quae
1659 4660 1736 4712 recte
1755 4658 1788 4710 ut
1807 4656 1918 4711 videtur
1935 4654 2020 4712 hodie

567 4744 730 4801 tribuuntur
741 4741 801 4815 regi
813 4742 913 4799 hinrico
926 4742 1087 4810 (reu-485:
1107 4742 1170 4799 vide
1183 4759 1268 4814 snpra
1286 4761 1313 4813 p.
1325 4743 1463 4812 XXXVI),
1481 4747 1619 4811 qnatenus
1635 4747 1785 4815 supersunt
1802 4742 1910 4799 habeut
1923 4741 2020 4814 capita

567 4830 705 4901 quaedam
719 4829 848 4886 derivata
860 4846 893 4885 ex
906 4829 967 4886 inre
975 4828 1110 4896 Romano,
1123 4830 1210 4887 etiam
1222 4847 1256 4887 ex
1264 4828 1460 4886 Theodosiano
1469 4828 1593 4898 (Zeumer
1604 4845 1683 4884 seras
1692 4830 1793 4885 Archiv
1803 4829 1837 4885 23
1851 4846 1878 4900 p.
1886 4830 1936 4885 431
1944 4831 2020 4899 seq).

566 4917 611 4973 lu
623 4915 888 4988 interpretationem
900 4915 1093 4973 Alaricianam
1106 4917 1190 4983 Tua,
1199 4916 1265 4983 3112
1278 4916 1333 4973 etsi
1345 4933 1368 4971 c.
1376 4915 1428 4971 285
1441 4933 1529 4987 prope
1541 4916 1659 4983 accedit,
1673 4922 1767 4973 tamen
1780 4934 1836 4973 non
1850 4916 1914 4973 imle
1928 4916 2020 4972 viden-

568 5008 615 5059 tur
636 5002 775 5074 proticisci
800 5020 872 5071 quae
890 5003 931 5058 ibi
954 5003 1099 5075 leguntur,
1122 5005 1171 5059 sed
1194 5003 1339 5060 tmlnticia
1356 5019 1415 5059 esse
1434 5007 1464 5058 et
1487 5002 1546 5058 eius
1568 5003 1632 5058 aevi
1656 5003 1724 5059 iuria
1747 5002 1847 5075 peritis
1864 5001 2022 5059 communis

569 5090 616 5157 (cl.
635 5089 749 5146 Ζιιιιιιει
770 5088 789 5142 l.
806 5107 829 5143 c.
853 5108 880 5159 p.
897 5091 969 5156 444).
1010 5090 1033 5144 E
1057 5090 1196 5145 contrario
1222 5107 1323 5159 corpus
1348 5089 1442 5159 legum
1469 5088 1578 5145 editum
1601 5106 1619 5144 a
1642 5089 1830 5145 Recessuindo
1853 5089 2023 5157 (dea—ova)

570 5173 744 5230 destinatum
761 5178 821 5230 tam
832 5173 934 5229 Gothis
952 5191 1037 5243 quam
1056 5174 1188 5230 Romanis
1205 5175 1303 5244 aliqua
1322 5173 1419 5244 capita
1437 5174 1525 5230 habet
1542 5179 1641 5245 aperte
1659 5176 1786 5245 prolecta
1803 5192 1838 5229 ex
1857 5174 2021 5246 compendio

568 5260 760 5316 Theodosiani
771 5259 943 5328 Mancinus,
963 5259 1037 5316 iuter
1048 5278 1120 5331 qnae
1138 5261 1244 5319 eminet
1260 5265 1349 5333 caput
1359 5261 1441 5328 5‚5‚9
1453 5261 1491 5318 ad
1505 5260 1618 5317 verbum
1631 5259 1802 5331 descriptum
1814 5278 1847 5318 er
1860 5260 1913 5315 Th.
1922 5259 1996 5328 anu,
2007 5262 2020 5316 1

663 5440 682 5509 ¹)
701 5440 885 5507 Quaestionem
904 5458 987 5510 uuper
1004 5443 1079 5496 docte
1097 5444 1218 5497 tractarit
1235 5443 1339 5496 Patella
1357 5441 1472 5496 arcisisis
1487 5441 1615 5510 gius-idios
1634 5441 1684 5495 vol.
1697 5439 1730 5495 47
1750 5439 1841 5508 (1891)
1860 5459 1884 5511 p.
1897 5437 1914 5491 8
1926 5458 1979 5508 seq.
