5250 6350
1179 670 1214 684 -
1250 633 1334 698 OLVI
1370 667 1405 683 -

566 801 732 872 perator-
752 798 826 867 lea,
838 800 879 866 10,
897 797 946 856 ubi
964 795 1080 856 additur
1096 797 1127 853 in
1139 798 1270 869 Pantheo)
1290 798 1334 855 vel
1353 799 1390 855 ad
1410 796 1545 855 vicarium
1564 795 1661 871 [urbis]
1679 798 1715 867 (9,
1725 796 1767 865 38,
1777 796 1804 869 d)
1823 795 1867 855 vel
1885 794 1922 855 ad
1940 812 2018 872 prae·

566 889 671 945 lectam
689 886 831 959 praetorio
849 887 990 955 (11,1t,4,
1008 885 1057 942 ubi
1070 886 1183 942 additur
1196 887 1307 957 Renum)
1322 903 1494 957 quamquam
1510 885 1725 958 magistratibus
1741 884 1896 956 inscriptae
1912 886 2018 943 rectius

565 974 719 1029 referentur
737 974 811 1030 inter
827 973 949 1029 directas
966 974 1003 1029 ad
1021 976 1162 1040 senatum,
1185 991 1248 1028 cum
1270 976 1300 1029 et
1323 972 1394 1029 dicti
1416 972 1601 1044 magistratus
1619 972 1685 1029 huic
1703 972 1830 1043 opinioni
1848 971 2017 1028 conveniant

569 1066 599 1118 et
615 1059 736 1116 ininsula
754 1059 827 1126 lecta
846 1061 981 1132 utsupra
1000 1057 1127 1124 vidimus,
1146 1058 1261 1132 propria
1279 1058 1319 1114 sit
1336 1058 1587 1115 constitutionibus
1605 1058 1720 1116 directis
1738 1058 1774 1114 ad
1792 1062 1929 1116 senatum

400 1185 550 1249 properans
655 1180 823 1252 Proponitnr
840 1180 886 1238 lex
898 1198 916 1237 a
927 1178 1098 1253 magistratu
1110 1196 1144 1238 eo
1156 1178 1205 1251 qui
1218 1197 1281 1236 earn
1293 1177 1408 1253 accepit
1424 1180 1484 1238 sire
1501 1179 1538 1238 ab
1552 1179 1722 1253 imperatore
1740 1179 1799 1238 siva
1817 1178 2016 1254 amagistratu

567 1269 718 1342 superiore.
753 1267 891 1341 Acceptio
913 1271 943 1326 et
964 1266 1122 1342 propositio
1140 1267 1209 1325 licat
1231 1285 1316 1342 saepe
1333 1267 1416 1325 simnl
1436 1269 1605 1342 procedant,
1624 1288 1688 1326 cum
1705 1268 1815 1343 possint
1838 1260 1898 1326 ficii
1919 1267 2019 1326 diebus

567 1358 695 1428 diversis,
721 1376 822 1431 corpus
842 1363 967 1418 nostrum
989 1357 1109 1416 alteram
1127 1360 1221 1415 ntrarn
1238 1358 1327 1415 solam
1350 1354 1482 1414 enuntiat
1503 1359 1534 1414 et
1556 1356 1669 1430 saepius
1691 1356 1775 1431 longe
1797 1355 2018 1429 propositionem

568 1465 652 1518 quam
671 1444 878 1518 acceptionem,
903 1444 1015 1503 omnino
1033 1448 1198 1518 propterea,
1221 1444 1296 1516 quod
1314 1447 1348 1501 nt
1365 1443 1532 1502 constitutio
1550 1443 1682 1520 prolege
1700 1443 1870 1512 observetur,
1888 1446 2018 1519 acceptio

566 1552 623 1591 non
644 1534 761 1603 sufficit,
785 1534 833 1590 sed
856 1531 1008 1603 requiritur
1028 1531 1192 1606 propositio.
1233 1530 1438 1604 Propositionis
1459 1530 1565 1589 mentio
1586 1550 1641 1588 non
1664 1531 1698 1590 tit
1717 1531 1746 1589 in
1769 1531 2019 1590 constitutionibus

567 1622 643 1679 datis
664 1622 701 1680 ad
719 1620 869 1696 magistros
887 1618 1011 1678 militum
1033 1624 1064 1678 et
1084 1620 1121 1677 ad
1140 1621 1224 1677 duces
1242 1619 1360 1678 fortasse
1380 1638 1435 1677 non
1454 1638 1534 1687 casu;
1557 1637 1622 1677 nam
1646 1638 1817 1693 quamquam
1838 1639 1893 1679 non
1919 1622 2019 1681 desunt

567 1708 783 1768 constitutiones
800 1709 830 1766 in
848 1708 949 1765 castris
966 1707 1129 1781 propositae
1147 1707 1202 1776 (ita
1224 1706 1348 1781 epistula
1365 1706 1481 1765 'l'reiani
1500 1707 1679 1766 adsimilem
1698 1708 1845 1781 proposita
1865 1708 1895 1765 in
1919 1707 2020 1766 castris

567 1796 710 1870 legionum
732 1796 974 1869 Aegyptiacanrm
999 1797 1114 1851 servata
1139 1798 1184 1851 est
1210 1792 1239 1848 in
1266 1810 1376 1866 papyro
1398 1794 1578 1866 Aegyptiace
1603 1794 1691 1851 musci
1715 1794 1836 1873 Recolis.
1856 1795 1930 1866 140),
1958 1812 2020 1868 pre

568 1884 736 1957 positionem
754 1882 988 1941 constitutionum
1005 1878 1180 1938 sollemniter
1202 1879 1362 1937 ordinatam
1380 1881 1528 1953 probabile
1550 1887 1594 1940 est
1615 1880 1682 1938 ioris
1706 1881 1850 1956 propriam
1872 1882 1966 1940 fuisse.
1984 1913 2019 1925 -·

567 1972 608 2029 De
626 1973 688 2029 loco
710 1969 912 2044 propositionis
933 1968 962 2025 id
984 1968 1078 2041 ipsum
1099 1966 1211 2024 obtinet
1228 1967 1304 2039 quod
1328 1968 1361 2024 de
1382 1968 1556 2042 acceptionis
1579 1968 1641 2026 loco
1663 1967 1792 2026 diximus.
1827 1969 1919 2043 Saepe
1941 1970 2019 2026 iacta

567 2063 611 2118 est
628 2060 714 2117 etiam
734 2077 785 2131 per
801 2057 985 2130 magistratus
1002 2054 1195 2127 municipales.
1233 2056 1278 2113 lta
1295 2055 1374 2128 leges
1391 2073 1409 2113 a
1427 2056 1579 2127 praelectis
1597 2054 1739 2128 praetorio
1757 2055 1859 2114 missae
1881 2057 1917 2113 ad
1935 2056 2020 2113 comi·

568 2151 625 2204 tem
643 2146 778 2213 Orientis,
801 2146 838 2203 ab
857 2145 910 2201 hoc
928 2143 965 2201 ad
983 2142 1156 2200 consulerem
1174 2142 1340 2209 Phoenices,
1361 2160 1380 2199 a
1397 2142 1537 2201 consulari
1555 2141 1694 2201 residente
1712 2142 1780 2215 'l'yri
1798 2145 1835 2201 ad
1852 2145 2020 2216 Berytensae

567 2252 622 2292 non
640 2252 749 2307 paucae
766 2234 870 2291 adsunt
887 2232 917 2289 in
934 2232 1044 2303 sylloge
1061 2249 1125 2287 cum
1142 2229 1349 2304 subscriptione
1369 2232 1511 2303 proposita
1526 2232 1624 2303 Beryti
1628 2251 1638 2301 ,·
1659 2230 1791 2289 similiter
1808 2232 2018 2290 constitutionis

568 2320 672 2377 Iuliani
689 2322 774 2378 datae
796 2321 833 2376 ad
851 2319 1024 2391 preelectum
1047 2316 1188 2389 praetorio
1209 2319 1231 2383 l,
1244 2316 1312 2383 ld,8
1332 2316 1504 2388 exemplaria
1526 2320 1626 2375 extant
1648 2318 1738 2390 lapidi
1761 2317 1851 2375 incisa
1873 2319 2020 2391 proposita

568 2406 597 2461 in
620 2406 719 2461 insulis
738 2405 826 2462 Lesbo
848 2403 1139 2473 (0.1.L.111,14108)
1162 2406 1192 2458 et
1209 2403 1332 2474 Amorgo
1349 2403 1416 2469 (lc.
1430 2403 1561 2468 uites).
1596 2403 1636 2458 Eo
1659 2404 1804 2459 reserenda
1827 2403 2020 2461 videturesse

568 2491 614 2548 cui
632 2491 805 2548 'l'beodosius
826 2490 940 2546 obviam
964 2489 1004 2544 ire
1026 2487 1122 2545 studet
1143 2486 1376 2548 constitutionum
1400 2487 1644 2558 imperatoriarum
1665 2482 1734 2556 llaec
1756 2488 1841 2543 dubia
1865 2496 1891 2544 et
1910 2491 2020 2558 prioata

566 2577 684 2633 adsertio
701 2578 823 2648 (1,1,5);
845 2594 910 2631 naus
932 2574 1067 2633 eiusmodi
1086 2573 1242 2646 propositio
1261 2573 1453 2644 municipalis,
1478 2573 1579 2629 similis
1602 2578 1677 2631 certe
1700 2574 1842 2646 privatae,
1869 2575 2021 2646 interpola·

568 2663 640 2729 tioni
664 2662 786 2719 obnoxia
809 2665 859 2718 est
884 2693 916 2704 -
939 2661 1028 2733 bages
1051 2660 1247 2733 promulgatae
1270 2659 1299 2714 in
1322 2660 1391 2717 urbe
1412 2659 1502 2716 Roma
1523 2660 1629 2731 passim
1653 2659 1785 2717 dicuntur
1807 2659 1968 2732 propositae
1989 2662 2021 2715 in

566 2750 629 2819 soro
643 2748 700 2805 disi
716 2748 838 2818 Traiani,
857 2747 943 2805 semel
957 2747 1011 2818 (13,
1020 2747 1045 2813 5,
1056 2746 1101 2810 29)
1119 2747 1152 2801 in
1168 2752 1230 2819 soro
1241 2746 1409 2817 Aprossiani,
1429 2746 1497 2802 item
1515 2746 1663 2820 proposita
1674 2746 1860 2803 Alexandriae
1878 2746 2020 2816 (14,2t,1)

569 2837 598 2896 in
615 2836 763 2912 Euandros,
785 2854 955 2911 quamquam
978 2835 1038 2895 cius
1055 2834 1176 2892 nominis
1194 2834 1354 2893 acditleium
1378 2833 1449 2892 alibi
1472 2853 1528 2893 riou
1550 2840 1720 2895 mernorntur
1741 2854 1792 2895 uec
1814 2834 1898 2893 facile
1922 2832 2021 2894 baberi

568 2926 674 3002 poterit
692 2943 742 3001 pro
761 2944 815 2983 nou
833 2924 930 3001 ignoto
951 2923 1067 3001 Τυχαιῳ.

408 3058 550 3123 praelatu
654 3050 857 3107 constitutioni
874 3067 947 3122 quae
966 3050 1174 3123 promulgetur,
1196 3052 1230 3107 nt
1252 3067 1305 3106 non
1330 3068 1392 3107 raro
1410 3030 1484 3120 auae
1501 3049 1625 3107 eiusdem
1643 3049 1804 3121 argumenti
1822 3019 1908 3107 natm
1926 3050 2021 3107 editae

565 3141 644 3205 sunt,
668 3137 810 3210 repetitae
831 3138 1044 3196 ‘subseruntur’
1067 3138 1155 3208 (13.5,
1167 3136 1207 3194 10.
1233 3136 1367 3204 le,5,3‘1;
1392 3136 1427 3193 ci.
1448 3137 1488 3204 lo,
1500 3135 1525 3204 2,
1538 3136 1597 3208 31),
1624 3135 1667 3193 ita
1689 3136 1874 3211 magistratus
1896 3136 1923 3195 ei
1946 3137 2019 3194 solet

566 3222 691 3281 edictum
709 3243 789 3281 suum
806 3224 976 3296 subiungere
995 3226 1048 3292 vel,
1067 3230 1100 3282 ut
1117 3225 1195 3298 leges
1213 3223 1374 3296 loquuntur,
1393 3224 1486 3281 edicto
1505 3242 1555 3281 suo
1573 3223 1805 3281 constitutionem
1817 3229 1961 3297 praeferre
1975 3225 2018 3281 sel

565 3316 711 3385 anteferre.
747 3312 791 3369 lta
814 3311 928 3385 inipso
953 3314 1048 3370 terme
1072 3312 1167 3386 legum
1190 3311 1326 3384 preelecti
1352 3310 1495 3384 praetorio
1517 3310 1650 3368 iubeatur
1672 3328 1724 3368 sua
1746 3301 1842 3368 edicta
1864 3328 2018 3384 proponere

564 3401 687 3469 praem
707 3400 827 3456 bassiane
847 3407 941 3456 nostra
962 3401 1072 3471 (8,5,'l)
1094 3399 1154 3458 sive
1175 3401 1303 3471 praelata
1325 3400 1429 3472 oram&
1449 3399 1533 3455 baina
1554 3399 1714 3455 ammata
1730 3399 1879 3471 (11,13,1).
1920 3398 2019 3458 Potest

566 3492 662 3546 autem
680 3486 812 3546 similiter
834 3487 944 3546 inverso
966 3487 1062 3546 ordine
1084 3488 1177 3547 edicto
1200 3487 1386 3561 magistratus
1408 3486 1616 3561 promulgantis
1633 3486 1800 3545 constitutio
1818 3486 1967 3560 subiungi,
1989 3487 2019 3543 id

566 3576 641 3647 qnod
663 3576 693 3632 iu
709 3576 822 3649 legibus
843 3575 1007 3650 appellator
1024 3593 1178 3650 proponere
1197 3575 1428 3633 constitutionem
1447 3575 1496 3631 neb
1509 3581 1709 3646 programmate
1726 3574 1919 3646 magistratus.
1957 3574 2019 3631 Huc

566 3668 699 3736 spectant
715 3662 937 3736 subscriptiones
954 3664 1021 3721 bae:

602 3768 625 3832 l,
637 3769 677 3833 le,
689 3767 722 3821 10
735 3770 861 3837 praelata
873 3767 955 3835 (dies)
971 3767 1090 3823 Veronae
1108 3770 1220 3836 (annus)
1237 3768 1290 3822 sub
1303 3767 1506 3823 constitutione
1524 3766 1561 3821 ad
1574 3766 1709 3821 vicarium
1724 3765 1924 3836 Hispaniarum
1943 3766 2018 3823 datu.

601 3852 659 3918 'l,8,
671 3853 700 3907 ll
734 3854 858 3921 praelata
879 3852 976 3906 litterie
1000 3852 1037 3906 ad
1055 3853 1264 3923 liatyclrcanuns
1282 3854 1373 3920 praes.
1391 3852 1452 3905 serbi
1475 3852 1546 3919 (dies
1568 3856 1598 3907 et
1620 3855 1720 3919 annus)
1743 3851 1795 3905 sub
1818 3850 2019 3906 constitutione

773 3938 842 3993 data
859 3937 895 3993 ed
914 3936 1046 3994 comitem
1064 3954 1206 3993 sacrarum
1224 3936 1416 4010 largitionum.
1446 3936 1487 3993 Ida
1504 3936 1590 3991 missa
1609 3935 1720 3992 videtur
1737 3937 1775 3991 ab
1794 3935 1963 4008 imperatore
1982 3936 2018 3991 ad

773 4024 948 4097 praefectum
970 4023 1033 4081 urbi
1051 4024 1202 4081 subiuncta
1224 4023 1250 4080 ei
1274 4024 1366 4081 altera
1388 4024 1425 4080 ad
1448 4023 1523 4079 hunc
1547 4024 1584 4080 ab
1603 4023 1772 4094 imperatore
1790 4022 1911 4089 directe,
1933 4039 2018 4091 quam

773 4111 842 4169 licet
860 4131 923 4169 curn
941 4112 995 4169 hac
1013 4113 1187 4186 propositam
1205 4130 1255 4168 nos
1273 4129 1327 4169 non
1346 4111 1491 4169 habemus.

600 4198 625 4267 8,
635 4199 687 4266 aa
739 4199 805 4254 data
828 4200 944 4269 matula
963 4201 1181 4271 praesentanei
1202 4199 1266 4256 baec
1286 4217 1365 4256 sacra
1387 4200 1478 4268 [anat
1500 4199 1621 4254 απιιιαια
1646 4198 1698 4254 sub
1725 4197 1926 4253 constitutione
1950 4197 2019 4253 data

774 4286 927 4344 Mediolani
946 4289 982 4344 ad
1000 4289 1123 4345 'l'anrusn
1146 4292 1211 4363 ῆο.
1247 4289 1325 4345 Haec
1350 4286 1517 4360 perturbata
1533 4291 1611 4351 sunt;
1636 4288 1753 4343 fortasse
1775 4284 1952 4341 scribendum
1975 4288 2018 4341 est

772 4375 885 4442 epistula
902 4394 921 4430 a
934 4376 1070 4444 praesecto
1092 4381 1122 4432 et
1144 4376 1336 4446 intellegenda
1354 4374 1480 4446 epistula
1501 4374 1629 4431 aTauro
1651 4373 1736 4427 missa
1759 4372 1939 4444 magistratui
1962 4371 2019 4426 cui·

699 4533 701 4536 Α
772 4460 837 4515 darn
856 4461 1009 4530 praemisso
1027 4463 1155 4534 exemplo
1174 4462 1388 4518 constitutionis
1406 4461 1484 4515 illius
1502 4461 1539 4516 ab
1557 4460 1725 4529 imperatore
1744 4462 1888 4529 acceptae.

600 4544 624 4610 8,
635 4545 703 4611 5,22
737 4546 845 4614 prolata
860 4549 922 4614 (scr.
932 4549 1068 4616 praelata)
1082 4549 1176 4603 litteris
1192 4549 1243 4602 sub
1254 4547 1297 4602 die
1311 4547 1382 4602 ΧΠ
1393 4547 1419 4602 k.
1431 4546 1517 4602 Mart.
1530 4545 1622 4611 Ron.,·
1636 4561 1689 4598 acc.
1702 4543 1772 4598 1111
1784 4543 1809 4599 lt.
1820 4545 1886 4612 Apr.
1903 4543 2020 4598 Venabsi

771 4631 935 4702 (Venafrii)
958 4634 1101 4689 manare
1123 4634 1308 4690 Valentiniani
1329 4641 1355 4689 et
1373 4633 1491 4688 Valentis
1507 4633 1569 4688 Aa.
1595 4632 1647 4686 sub
1669 4629 1793 4702 epistula
1817 4625 2018 4702 imperatorum

773 4719 842 4775 data
858 4720 896 4776 ad
908 4720 1091 4778 Volusianum
1110 4730 1127 4794 p
1145 4730 1163 4778 u
1181 4722 1238 4792 (vel
1257 4720 1353 4794 potins
1367 4719 1502 4776 sicarium
1515 4718 1652 4792 praefecti
1664 4718 1751 4789 urbib
1769 4717 1940 4790 subscriptio
1958 4735 2018 4790 per·

773 4807 889 4863 turbata
912 4806 955 4864 ita
978 4808 1089 4865 videtur
1109 4807 1278 4880 accipienda
1304 4808 1416 4865 litteras
1441 4806 1641 4879 imperatorum
1666 4807 1748 4862 dabas
1773 4806 1810 4862 ad
1833 4803 2017 4861 Volusianum

773 4895 798 4950 d.
813 4894 864 4950 lill
883 4895 910 4951 k.
924 4895 1006 4953 Mart
1024 4901 1055 4954 et
1073 4895 1177 4953 Romae
1198 4897 1235 4953 ab
1254 4896 1308 4952 boc
1327 4895 1486 4969 propositas
1505 4893 1672 4966 praemissas
1691 4911 1750 4950 csse
1774 4891 1914 4966 epistulae
1933 4893 2018 4949 datae

773 4981 957 5040 nVolusiano
974 4986 1011 5041 ad
1029 4984 1226 5058 magistratum
1244 4983 1438 5054 nescioquem
1457 4987 1593 5055 acceptae
1605 4982 1721 5040 Venafri
1740 4980 1785 5037 dis
1804 4980 1857 5037 llll
1877 4981 1903 5037 lr.
1917 4982 1983 5054 Apr.

599 5069 686 5135 9,3,4
737 5071 864 5140 praelata
882 5072 977 5128 litteris
993 5091 1016 5129 o.
1028 5089 1050 5129 c.
1068 5073 1164 5128 sicarii
1181 5072 1251 5141 (dics
1269 5075 1299 5130 ct
1323 5073 1412 5141 locus)
1435 5073 1488 5128 sub
1510 5071 1635 5143 epistula
1657 5071 1725 5126 data
1747 5069 1784 5126 ad
1803 5068 1939 5125 vicariurn
1957 5069 2018 5125 llis-

773 5157 935 5225 paniorum:
959 5159 1070 5214 videtur
1092 5159 1221 5230 intellegi
1247 5159 1414 5229 rescriptum
1439 5160 1536 5214 datum
1554 5158 1681 5212 Veronae
1706 5157 1743 5212 ad
1763 5155 1899 5210 vicarium
1918 5155 2017 5226 Hispa·

773 5241 883 5297 uiarum
907 5244 1068 5315 praemissis
1090 5245 1151 5301 cius
1174 5245 1278 5300 litteris
1300 5246 1338 5299 ab
1361 5262 1394 5301 eo
1420 5244 1535 5299 missum
1558 5261 1617 5300 esse
1642 5243 1678 5299 ad
1702 5241 1900 5312 magistratum
1924 5241 2018 5296 nescio

673 5355 674 5358 ¹
773 5345 856 5397 quem
875 5329 971 5388 aliurn.

586 5415 626 5480 ll,
638 5415 660 5481 l,
669 5414 704 5470 25
736 5417 873 5485 proposita
888 5419 920 5473 in
929 5425 1125 5490 propraarmate
1139 5419 1205 5476 Vari
1222 5419 1591 5476 cenomannensem
1608 5420 1719 5487 (annus)
1737 5417 1789 5473 sub
1807 5415 1932 5488 epistula
1949 5415 2018 5473 data

773 5504 810 5560 nd
827 5505 958 5563 comitem
976 5527 996 5562 s.
1010 5507 1040 5564 l.:
1064 5507 1199 5580 intellege
1218 5508 1348 5580 rescripti
1367 5510 1403 5565 ad
1422 5508 1553 5564 concitem
1574 5506 1650 5562 missi
1668 5503 1827 5577 exemplum
1845 5504 1882 5561 ab
1900 5504 2017 5576 impera·
