5250 6350
1279 609 1477 667 -ux1-

654 767 805 841 adsumpta
831 766 917 825 ctiam
941 765 1044 824 liniani
1068 766 1310 841 interpretatione.
1351 770 1401 827 Fet
1423 769 1453 826 id
1475 769 1549 829 inter
1567 771 1705 843 'antiqua'
1725 773 1849 846 corporis
1872 774 2100 833 liecessuindiani

655 855 783 925 proiecta
795 853 887 911 iudice
899 854 1030 912 Zeumero
1048 872 1081 911 ex
1094 855 1253 913 recensione
1265 857 1390 929 corporis
1406 857 1466 914 eius
1479 859 1627 930 publicata
1644 876 1662 916 a
1678 877 1744 932 rege
1756 860 1920 933 beovigildo
1932 864 2100 934 (509-588).

653 939 707 996 Sed
730 939 865 997 eiusmodi
889 944 1023 1011 excerpta
1044 944 1074 997 et
1095 940 1159 1012 ipsa
1180 959 1244 997 rara
1261 945 1327 998 sunt
1347 946 1377 999 et
1395 948 1470 1000 ccrte
1489 962 1507 999 a
1524 945 1719 1000 Theodosium
1736 944 1848 1017 integro
1866 947 1967 1003 aliena.
2002 948 2101 1005 Nihilo

654 1024 745 1080 suiuus
763 1024 886 1095 corporis
904 1024 1134 1081 Recessuindiani
1157 1026 1385 1092 constitutiones,
1410 1045 1483 1097 quse
1503 1028 1616 1098 quidem
1638 1030 1737 1099 aperte
1758 1030 1901 1099 pendeant
1924 1047 1957 1086 ex
1976 1030 2099 1088 Theodo-

653 1110 741 1175 siauo,
760 1128 809 1166 suo
827 1128 967 1180 quamque
984 1112 1046 1167 loco
1064 1110 1204 1182 adlegavi.

741 1196 802 1252 Vll.
828 1196 885 1253 hex
898 1196 1125 1268 Burgundionum
1138 1195 1311 1263 Germanica,
1330 1197 1440 1254 scilicet
1456 1198 1521 1254 liber
1532 1200 1753 1255 constitutionum
1764 1218 1860 1272 regum
1872 1200 2100 1274 Burgundionum
2118 1206 2173 1260 ben
2185 1207 2265 1273 Bury.

654 1281 783 1352 (adhibui
806 1281 965 1349 editionem,
987 1300 1071 1352 quam
1089 1281 1200 1339 curavit
1218 1283 1286 1340 hod.
1300 1284 1371 1340 Bud
1389 1284 1423 1340 de
1441 1284 1527 1351 Salis,
1545 1286 1607 1342 110.
1623 1285 1698 1359 legg.
1715 1291 1773 1345 nat
1792 1290 1857 1344 tom.
1872 1288 1899 1344 11
1917 1307 1982 1361 pars
2001 1292 2024 1361 1)
2041 1289 2102 1349 sive

654 1368 699 1426 lex
716 1369 904 1435 Gundebada,
928 1370 1057 1427 conlecta
1075 1374 1194 1427 auctare
1217 1372 1268 1427 sub
1286 1370 1400 1443 regibus
1417 1372 1592 1429 Gundebado
1610 1376 1639 1442 (t
1655 1375 1717 1445 510)
1740 1379 1770 1431 et
1786 1374 1964 1448 sigismundo
1987 1380 2015 1447 (t
2029 1379 2101 1448 593),

656 1460 768 1528 praeter
790 1456 876 1513 dubia
897 1458 1035 1526 quaedam
1053 1457 1231 1525 (Τ1ι.9,80,1
1247 1482 1278 1504 =
1291 1459 1376 1531 Barg.
1391 1460 1455 1524 105;
1478 1459 1531 1515 Th.
1543 1461 1568 1525 4,
1578 1461 1626 1526 4,1
1643 1484 1674 1508 =
1688 1461 1771 1534 Burg.
1782 1463 1825 1528 43,
1837 1465 1865 1529 1;
1888 1462 2055 1530 Τ1ι.4,11,9
2069 1489 2102 1513 =

655 1542 738 1615 Burg.
750 1543 793 1609 40,
801 1544 829 1613 9)
848 1542 975 1600 continet
993 1542 1049 1599 iam
1068 1544 1096 1599 in
1116 1548 1198 1616 parte
1211 1545 1364 1603 vetustiore
1382 1546 1457 1602 locos
1475 1548 1610 1616 quosdam
1628 1546 1742 1604 omnino
1760 1549 1796 1604 ad
1815 1548 1939 1606 codicem
1951 1550 2102 1607 Theodosii

656 1628 838 1699 respicientes
861 1629 924 1696 (Th.
937 1630 962 1694 3,
972 1629 1023 1689 89
1038 1653 1071 1676 --
1085 1631 1168 1702 Burg.
1181 1632 1256 1696 94,1.
1270 1633 1299 1695 9;
1322 1631 1374 1687 Th.
1387 1633 1412 1695 3,
1427 1633 1492 1695 10,1
1508 1656 1540 1679 =
1554 1633 1639 1704 Burg.
1650 1634 1693 1698 34,
1702 1634 1727 1689 3.
1739 1633 1769 1696 4;
1793 1632 1844 1688 Th.
1856 1635 1931 1699 4,11,
1945 1636 1957 1690 l
1973 1658 2006 1681 =
2017 1636 2102 1707 Burg.

654 1712 736 1777 40,1;
755 1713 807 1768 Th.
819 1716 844 1778 9,
855 1714 921 1777 94,1
938 1736 970 1759 =
982 1714 1066 1785 Burg.
1080 1715 1121 1778 19,
1130 1717 1165 1782 5).
1184 1744 1218 1754 -
1233 1713 1332 1771 Altera
1348 1715 1394 1771 lex
1406 1715 1645 1787 Burgundionum,
1663 1734 1681 1771 s
1694 1716 1868 1772 Gundobado
1886 1717 1937 1772 illo
1955 1716 1984 1772 in
2003 1717 2103 1788 prioris

655 1796 727 1869 legis
744 1796 858 1853 exordio
876 1795 985 1852 civibus
1003 1796 1136 1853 Romanis
1154 1797 1183 1853 in
1197 1798 1360 1870 Burgundio
1377 1799 1546 1871 degentibus
1564 1799 1701 1870 promissa
1718 1802 1817 1872 (prael.
1829 1802 1858 1857 8:
1877 1802 1947 1857 inter
1965 1802 2104 1858 Romanos

722 1883 854 1939 Βοιιιιιιιιζι
875 1882 975 1956 enno
993 1882 1176 1953 prasnpinras
1198 1883 1327 1954 indicari,
1352 1886 1400 1954 pai
1422 1887 1539 1951 [onnon
1560 1891 1585 1941 et
1606 1886 1795 1955 ccposstioncm
1818 1888 1905 1957 lopun
1927 1888 2104 1959 conscriptam

654 1971 770 2041 nardius
787 1970 915 2040 dedicent,
933 1987 961 2027 ss
978 1970 1101 2026 nescirit
1119 1975 1279 2042 αωῳιιιιοι)
1297 1975 1328 2030 ct
1344 1970 1374 2027 iu
1392 1972 1490 2030 ordine
1506 1972 1654 2030 titulorum
1671 1972 1863 2031 Buadobadae
1880 1976 1983 2047 aptata
2000 1977 2105 2048 pendet

656 2075 690 2115 ex
708 2056 805 2115 iisdem
824 2056 906 2116 libris
922 2058 1017 2130 legum
1035 2060 1065 2116 ct
1082 2057 1158 2125 iaris,
1175 2058 1277 2130 quibus
1293 2057 1336 2115 usi
1348 2062 1415 2115 suut
1426 2059 1495 2116 iuris
1506 2060 1658 2133 prudentes
1669 2061 1706 2117 ab
1718 2060 1832 2118 hierico
1843 2061 1976 2128 adhibiti,
1994 2063 2105 2120 scilicet

656 2163 690 2202 ex
711 2144 854 2202 codicibus
876 2144 967 2202 tribus
985 2144 1156 2218 Gregoriaoo
1175 2145 1399 2219 chuogcniauo
1416 2146 1612 2205 Theodosiana
1636 2165 1698 2204 cum
1717 2148 1844 2206 Novellis
1866 2148 1933 2206 huic
1954 2149 2104 2218 adiunctis,

656 2230 711 2288 (iai
728 2230 964 2299 institutionibus,
982 2232 1131 2292 sententiis
1149 2232 1240 2299 Pauli,
1258 2250 1331 2305 quae
1349 2233 1492 2292 volumina
1510 2252 1560 2307 per
1577 2253 1612 2293 ea
1630 2238 1758 2307 tempora
1774 2235 1935 2293 Occidentis
1953 2239 2105 2309 prudentes

656 2338 796 2401 peraeque
813 2321 965 2394 praecipue
983 2324 1161 2393 usurparunt
1181 2350 1213 2361 ·-
1232 2320 1462 2393 Burgundionum
1480 2339 1560 2395 reges
1581 2324 1615 2378 nt
1633 2320 1780 2392 probabile
1802 2323 1846 2377 est
1867 2321 1946 2394 leges
1962 2325 2021 2379 tam
2040 2324 2104 2381 Ger·

656 2407 747 2462 manis
765 2425 849 2478 quam
866 2408 1000 2465 Romanis
1017 2407 1126 2463 civibus
1144 2406 1202 2462 suis
1220 2407 1377 2462 condidisse
1395 2410 1462 2463 ante
1479 2406 1585 2463 editam
1597 2406 1787 2463 Alariciansm
1801 2409 1837 2474 (a.
1847 2408 1917 2477 500),
1935 2407 1979 2463 ita
1996 2413 2104 2465 cestim

656 2509 704 2548 eos
726 2491 755 2548 in
778 2492 814 2548 iis
836 2492 1034 2564 componendis
1055 2510 1119 2548 usos
1140 2509 1200 2548 esse
1217 2491 1414 2548 Thecdosiauo
1436 2491 1558 2562 integro,
1580 2509 1663 2561 quem
1685 2491 1714 2547 in
1736 2492 1800 2563 lege
1817 2491 1945 2548 Romana
1965 2494 2104 2563 quomodo

657 2577 791 2651 adlegent
813 2596 899 2650 supra
921 2596 948 2651 p.
966 2580 1019 2634 XII
1044 2577 1169 2649 exposui.
1204 2577 1373 2634 Adhibitum
1398 2595 1458 2634 esse
1481 2576 1652 2633 breviarium
1673 2575 1864 2633 Alaricianum
1886 2578 2029 2636 conditum
2054 2581 2106 2635 aut

656 2663 754 2720 eodem
781 2665 838 2720 iere
864 2666 989 2735 tempore
1019 2667 1070 2721 ant
1095 2664 1212 2720 tortasse
1240 2663 1393 2733 posteriore
1420 2661 1532 2734 egregie
1557 2662 1695 2719 refutavit
1721 2662 1874 2720 Haeuelius
1902 2664 2001 2734 (praei.
2028 2664 2104 2721 brev.

657 2766 684 2819 p.
697 2749 788 2805 110111
797 2753 874 2820 seq.),
892 2768 944 2807 nec
961 2750 1052 2822 magis
1069 2749 1140 2805 mibi
1158 2748 1296 2820 probatur
1308 2746 1407 2820 uupmi
1426 2747 1541 2804 editoris
1558 2747 1686 2819 opinatio
1705 2751 1744 2819 (p.
1758 2749 1801 2817 19)
1819 2750 1878 2803 tam
1896 2748 2106 2820 interpretatio·

657 2852 720 2890 nem
732 2834 938 2908 visigothicam
957 2854 1041 2906 quam
1060 2834 1288 2907 Burgundionum
1305 2834 1398 2907 legem
1416 2834 1572 2891 Romanam
1593 2833 1736 2890 derivatas
1757 2850 1817 2891 esse
1839 2851 1873 2890 ex
1892 2835 1988 2891 eodem
2011 2834 2106 2892 nescio

657 2939 713 2990 quo
735 2920 804 2978 iuris
822 2923 996 2995 compendio.
1032 2922 1092 2980 Boc
1109 2922 1199 2978 solum
1219 2939 1314 2978 verum
1332 2926 1376 2978 est
1395 2921 1506 2978 scholas
1523 2920 1603 2987 iuris,
1627 2920 1729 2992 quibus
1752 2920 1899 2992 utriusque
1921 2922 2020 2994 populi
2043 2941 2105 2995 pru·

656 3007 756 3065 <lentes
774 3009 958 3076 suadebant,
980 3009 1091 3067 easdem
1109 3009 1194 3065 luisse
1218 3011 1248 3065 et
1270 3007 1312 3065 ita
1329 3007 1483 3074 interdum,
1506 3025 1569 3065 raro
1590 3010 1684 3064 tamen
1702 3006 1827 3079 aliquam
1844 3007 2057 3067 similitudinem
2075 3008 2106 3065 in

657 3095 865 3154 commentariis
887 3095 945 3153 illis
966 3114 1111 3169 apparere.
1146 3095 1276 3167 Exempli
1300 3113 1385 3152 caasa
1408 3094 1499 3167 capiti
1522 3094 1594 3167 legis
1612 3094 1804 3152 Gundebadae
1824 3096 1930 3161 94,1.9
1949 3095 2106 3154 similitudo

657 3185 755 3254 aliqua
777 3184 928 3241 intercedit
950 3189 983 3241 nt
1004 3202 1067 3240 cam
1089 3186 1168 3240 texta
1188 3183 1240 3238 Th.
1249 3184 1274 3249 9,
1284 3184 1309 3249 8,
1319 3184 1347 3248 9,
1372 3183 1414 3239 ita
1435 3182 1522 3239 etiam
1544 3200 1608 3238 cnm
1630 3181 1877 3254 interpretatione;
1900 3182 1969 3240 item
1990 3183 2019 3239 in
2043 3183 2106 3256 legs

659 3269 785 3327 Romans
802 3269 907 3326 similia
924 3270 1033 3328 habent
1049 3269 1105 3326 loci
1128 3286 1146 3326 a
1163 3288 1208 3326 me
1229 3269 1321 3326 adlati
1340 3270 1375 3325 de
1392 3267 1471 3325 seriis
1487 3270 1524 3325 sd
1542 3269 1594 3324 Th.
1607 3268 1667 3335 9,8,
1679 3270 1723 3336 19,
1746 3270 1780 3325 de
1797 3267 1927 3326 secundis
1944 3269 2053 3341 nuptiis
2069 3270 2107 3326 ad

657 3357 770 3426 8,18,4,
794 3357 828 3415 de
847 3356 1073 3415 accusationibus
1095 3357 1131 3413 ad
1149 3358 1260 3423 9,1,14.
1296 3356 1411 3415 liabent
1428 3355 1497 3412 item
1515 3355 1584 3412 iuris
1602 3355 1772 3428 interpretes
1789 3355 1949 3413 Germanici
1966 3358 2106 3427 quaedam

658 3443 713 3501 sibi
732 3445 847 3519 propria
864 3448 895 3502 et
912 3445 986 3502 inter
1003 3464 1032 3503 se
1050 3442 1216 3510 communia,
1234 3445 1274 3509 ut,
1293 3442 1342 3500 ubi
1357 3441 1384 3499 in
1398 3442 1601 3500 constitutione
1618 3447 1662 3499 est
1679 3443 1744 3498 odis
1761 3443 1885 3512 inserere,
1904 3445 2014 3516 ponunt
2028 3445 2107 3515 gean

657 3532 770 3602 eddom
782 3532 962 3601 (munst
974 3534 1008 3603 1),
1026 3531 1095 3588 item
1112 3531 1277 3586 consciorum
1289 3530 1456 3587 vocabulum
1474 3529 1503 3585 in
1516 3529 1679 3586 criminibus
1695 3547 1746 3602 pro
1758 3529 1886 3603 legitimo
1904 3534 2043 3602 usurpant
2059 3530 2107 3602 (ad

658 3618 710 3674 Tb.
723 3621 747 3686 9,
756 3622 783 3686 5,
794 3621 827 3690 1).
862 3619 918 3676 Sed
935 3637 998 3676 rara
1015 3619 1086 3676 haec
1104 3623 1170 3675 sunt
1187 3636 1278 3689 neque
1295 3617 1398 3675 dmant
1417 3617 1494 3690 apud
1516 3616 1625 3674 eosdem
1649 3620 1777 3674 auctores
1800 3616 1953 3685 contraria,
1976 3621 2010 3676 ut
2030 3622 2106 3676 recte

657 3706 820 3764 observavit
842 3706 957 3764 Ζοιιιιιοι
978 3706 1138 3776 (Zeitsdsritl
1158 3705 1208 3762 der
1229 3705 1501 3776 flavigny-&ittam
1522 3721 1604 3776 gans.
1621 3703 1700 3760 Abtb.
1718 3707 1743 3772 9,
1755 3705 1868 3775 ttseq.)
1889 3703 2046 3762 Falcidiam
2070 3704 2105 3760 de

658 3794 740 3862 parte
761 3792 859 3849 heredi
877 3792 1003 3864 proximo
1026 3792 1193 3849 reservanda
1211 3790 1328 3846 abusive
1345 3790 1475 3862 usurpari
1496 3790 1574 3860 apud
1594 3790 1668 3845 solos
1686 3790 1908 3860 Burgundiones,
1930 3807 2107 3859 ιιοιιιιιᾳιιιιιιι

658 3877 735 3947 apud
743 3877 916 3949 visigothos.
945 3876 1065 3934 Omnino
1078 3876 1322 3947 reprehendendus
1339 3879 1383 3932 est
1400 3893 1522 3945 nuperus
1539 3875 1633 3955 legum
1645 3874 1874 3945 Burgundionum
1890 3874 1981 3930 editor
1993 3872 2023 3928 in
2036 3891 2107 3929 oom-

658 3961 803 4019 menteriis
824 3961 882 4018 suis
905 3962 1166 4033 interpretationem
1186 3960 1376 4017 Alaricianam
1399 3959 1491 4032 magis
1513 3959 1666 4031 respiciens
1683 3977 1767 4029 quam
1785 3959 2001 4016 constitutiones
2022 3959 2106 4032 ipm

744 4049 820 4106 Vlll.
847 4049 940 4106 Bdicti
952 4048 1118 4106 Theoderici
1136 4046 1210 4121 regis
1229 4046 1332 4104 ltaliae
1350 4049 1378 4116 (t
1389 4049 1460 4116 520),
1478 4047 1553 4116 qnod
1570 4063 1604 4104 ex
1623 4045 1720 4104 codice
1738 4045 1893 4103 Pithoeano
1910 4045 1993 4104 hodie
2011 4047 2107 4119 deper·
2125 4050 2208 4104 Bdict
2221 4052 2304 4136 Thro-

659 4135 719 4194 dito
737 4140 803 4208 post
819 4136 891 4195 alios
911 4135 1002 4194 edidit
1020 4134 1168 4193 Bluhmius
1185 4134 1259 4205 (110.
1273 4135 1355 4192 hist
1374 4153 1401 4207 p.
1417 4135 1466 4192 145
1475 4137 1557 4205 seq),
1579 4136 1678 4191 auctor
1695 4150 1866 4204 quamquam
1884 4133 2109 4192 Theodosiannm
2176 4121 2258 4176 Μ

658 4241 796 4295 nusquam
818 4225 949 4299 adlegat,
974 4225 1108 4298 pleraque
1130 4223 1197 4280 iude
1214 4227 1362 4282 mutuatus
1378 4225 1423 4280 eet
1444 4225 1475 4281 et
1496 4222 1602 4295 passim
1618 4240 1685 4278 usus
1703 4219 1953 4278 constitutionibus
1972 4222 2001 4277 in
2019 4221 2107 4281 brevi·

658 4311 750 4368 arium
768 4330 822 4368 uon
837 4311 959 4384 receptis
971 4310 1245 4380 (8,19,8-9,97,9
1259 4312 1408 4379 -9,49,9
1421 4310 1745 4376 -9,49,94-9,45,1
1760 4308 1904 4374 -9,45,9
1917 4339 1948 4350 -
1961 4310 2061 4379 9,45,5
2074 4342 2109 4354 -

661 4398 1173 4465 10,10,4-11,8,1-11,8,3-
1194 4398 1331 4465 11,90,99
1350 4399 1588 4464 -11,30,49-
1610 4396 1686 4462 19,0,
1700 4396 1732 4451 18
1750 4425 1783 4436 -
1802 4396 1869 4450 lust.
1884 4396 1968 4461 5,9,1
1989 4426 2022 4437 -
2041 4397 2107 4452 lust

659 4486 746 4550 0,1,4
765 4514 797 4525 -
816 4486 882 4539 lust.
892 4485 917 4548 0,
925 4485 1010 4553 50,4).
1041 4484 1104 4538 Una
1121 4502 1185 4539 cum
1205 4483 1315 4554 integro
1333 4482 1428 4539 codice
1447 4482 1532 4537 etiam
1551 4480 1693 4552 epitomen
1704 4478 1911 4550 Visigotbicam
1929 4480 2108 4553 adsumptam

659 4588 719 4626 esse
743 4585 913 4640 quamquam
938 4572 1093 4639 tempomm
1117 4566 1241 4624 rationes
1265 4568 1383 4623 sortasse
1405 4562 1574 4630 admittunt,
1606 4582 1706 4636 parum
1729 4562 1882 4620 verisimile
1905 4569 1949 4621 est
1972 4565 2008 4631 (ι.
2027 4564 2108 4620 Babn

662 4656 769 4728 Kdnios
784 4654 831 4709 der
843 4654 999 4723 Germanen
1014 4654 1143 4724 t,8seq.;
1161 4653 1281 4710 Bluhme
1299 4652 1317 4708 1.
1330 4670 1354 4708 c.
1367 4671 1395 4724 p.
1407 4653 1475 4722 145),
1493 4668 1664 4723 quemquam
1681 4649 1849 4721 quibusdam
1866 4648 1937 4706 locis
1949 4650 1984 4717 (9,
1996 4650 2060 4715 10,1
2075 4680 2108 4691 -

660 4743 685 4809 8,
696 4743 758 4808 10,1
779 4771 809 4783 -
828 4743 853 4806 5,
863 4740 916 4808 8,1
936 4773 969 4784 -
987 4741 1012 4807 9,
1022 4741 1088 4808 24,1
1108 4772 1141 4782 -
1159 4741 1184 4805 9,
1196 4740 1239 4805 94,
1248 4737 1277 4810 3)
1304 4737 1502 4811 interpretatio
1529 4740 1559 4796 et
1584 4736 1706 4795 edictum
1731 4737 1768 4794 nd
1793 4736 1907 4793 verbum
1932 4753 2023 4808 paene
2045 4754 2108 4792 cou-

661 4830 783 4887 cordant
826 4828 870 4884 sd
893 4827 1109 4886 constitutiones
1134 4845 1195 4893 ess,
1222 4844 1293 4898 quas
1318 4828 1430 4884 constat
1454 4826 1541 4884 edicti
1564 4826 1730 4899 scriptorem
1756 4826 1823 4882 ante
1849 4823 1944 4879 oculos
1968 4823 2108 4890 habuisse,

662 4917 758 4990 capita
776 4915 998 4974 Theodericiana
1020 4915 1168 4988 adscripsi,
1192 4932 1363 4987 quamquam
1385 4915 1423 4971 ad
1445 4913 1529 4971 crisio
1553 4933 1587 4972 ea
1610 4913 1657 4971 vix
1680 4913 1768 4970 ullam
1791 4910 1946 4969 utilitatem
1971 4912 2110 4982 praebent

663 5004 754 5062 verbis
771 5004 860 5064 libere
878 5003 996 5062 redditis
1013 5006 1043 5061 et
1060 5001 1178 5060 subinde
1195 5001 1321 5059 mutatis.

749 5092 796 5148 lX.
826 5090 971 5148 Maximini
984 5090 1145 5148 dissertatio
1163 5094 1262 5147 contra
1273 5088 1451 5147 Ambrosium
1468 5088 1613 5146 continens
1629 5089 1819 5147 narrationem
1836 5088 1871 5146 de
1889 5086 2010 5145 concilio
2024 5085 2108 5158 Aqui·
2127 5097 2288 5151 naamam
2299 5099 2333 5152 (ι.

661 5178 735 5237 leiae
757 5198 782 5236 a
795 5179 845 5236 381
869 5178 969 5236 habito
994 5181 1025 5236 et
1050 5177 1085 5236 de
1106 5177 1193 5234 Ulfila
1215 5176 1362 5249 episcopo,
1386 5195 1471 5249 quam
1495 5194 1530 5234 er
1553 5176 1649 5233 codice
1675 5175 1802 5232 Parisino
1826 5174 2022 5247 antiquissimo
2047 5175 2108 5230 Lat.
2135 5169 2326 5237 matema.

663 5286 689 5321 n.
702 5266 771 5321 8907
789 5267 833 5334 (--·
851 5266 944 5338 suppl.
958 5266 1019 5322 uos
1032 5265 1094 5334 594)
1114 5262 1222 5336 primus
1244 5261 1337 5321 edidit
1354 5263 1490 5336 Georgius
1502 5262 1598 5318 Waita
1615 5263 1692 5332 (aas
1707 5262 1758 5318 das
1775 5263 1865 5318 teta
1885 5261 1946 5316 and
1963 5261 2006 5316 dic
2024 5259 2110 5316 latre

660 5353 707 5409 des
723 5353 809 5422 mnia
826 5353 980 5427 Gottingae
995 5352 1083 5423 1840),
1101 5370 1191 5424 nuper
1208 5352 1353 5427 expletam
1370 5355 1400 5409 et
1417 5349 1634 5424 diligentissime
1653 5349 1827 5422 recognitam
1844 5346 2004 5406 Fridericns
2016 5346 2110 5403 liesd-

661 5459 746 5500 mann
763 5441 861 5513 (Teate
883 5441 943 5498 nnsd
965 5440 1203 5513 Untcrssetesneen
1223 5458 1273 5498 nor
1292 5438 1529 5514 attgernoniscins
1547 5436 1827 5510 mammete
1851 5437 1930 5495 roll
1948 5435 2112 5510 Stressburg
