5250 6350
403 792 502 846 Isidori

1168 634 1202 647 -
1239 602 1362 663 eccm
1398 636 1431 648 -

662 761 702 817 116
723 758 883 819 litterarum
909 761 1042 836 operibus
1065 761 1219 835 Hispaniae
1245 763 1383 823 Gouratos
1399 766 1436 837 [1,
1452 766 1486 822 91
1508 770 1539 825 61
1563 767 1622 838 161]
1648 766 1736 825 etiam
1763 766 1835 825 11166
1862 787 1896 825 66
1923 766 2024 825 1616661

365 869 548 939 ggmtofioe,
575 850 762 923 l'ltymologiis
779 851 816 908 sd
833 851 1006 907 Breviorium
1023 856 1154 923 spectare
1171 853 1312 925 opinatur.
1343 855 1432 911 Nemo
1450 854 1605 920 dubitabit,
1623 856 1691 925 quin
1711 856 1824 923 1616666,
1842 856 1892 928 qui
1910 856 2025 912 natione

423 3195 510 3248 06666

576 944 718 997 Romame
736 956 822 1008 usque
842 938 879 993 66
890 956 994 993 armum
1006 939 1057 994 626
1069 938 1162 995 eedem
1174 939 1366 1011 episcopalem
1377 939 1574 1011 Hispalensem
1587 942 1721 1011 obtinuit,
1738 943 1915 999 Breviarium
1927 945 2024 998 notum

576 1026 668 1082 luerit
704 1024 759 1079 866
777 1026 810 1078 61
826 1022 985 1092 nuperrime
1001 1023 1088 1078 otiam
1107 1023 1221 1080 'baumer
1238 1023 1309 1094 [NA.
1323 1024 1426 1094 XXIII,
1438 1026 1552 1095 466661
1570 1025 1715 1093 disseruit,
1734 1026 1856 1082 Isidorus
1873 1027 1903 1082 in
1921 1026 2022 1097 quinto

576 1109 816 1183 Etymologiarnm
834 1106 907 1164 libro
925 1107 969 1163 ius
985 1126 1093 1164 merum
1110 1109 1297 1166 Itomanorum
1316 1110 1494 1184 expositurus
1511 1110 1659 1170 historiam
1678 1110 1868 1185 legislationis
1883 1113 2026 1170 11666666

577 1218 640 1257 cum
656 1197 853 1255 ’1666666666
870 1194 962 1253 linivit
980 1195 1016 1253 ob
1034 1213 1152 1269 eamque
1170 1215 1228 1255 rem
1246 1201 1280 1256 ut
1297 1216 1393 1257 omnes
1412 1198 1547 1256 Novellas
1565 1198 1609 1258 ita
1625 1197 1713 1258 etiam
1731 1200 1909 1259 Breviarium
1920 1200 2028 1258 Alarici

578 1287 681 1347 omisit.
716 1285 875 1343 Nonnullae
892 1285 1006 1357 quidem
1023 1285 1126 1342 formas
1143 1286 1231 1344 babet
1249 1285 1319 1343 iuris
1337 1287 1457 1345 Romani
1474 1288 1551 1361 apud
1564 1288 1729 1363 visigothos
1748 1289 1886 1364 vulgaris,
1904 1288 2026 1363 exempli

578 1378 672 1453 gratia
689 1375 747 1432 ‘ins
765 1373 925 1431 liberorum’
942 1373 986 1447 [V‚
999 1374 1041 1441 21,
1057 1375 1113 1446 161;
1137 1376 1186 1431 666
1209 1375 1280 1433 baec
1299 1376 1386 1434 verba
1402 1376 1564 1451 ‘conjugum
1586 1377 1647 1436 sine
1665 1376 1763 1436 liberis
1780 1377 1902 1437 invicem
1920 1377 2028 1436 heredi·

579 1468 649 1525 tatis
671 1465 782 1523 alterna
807 1461 999 1535 conseriptio',
1023 1480 1194 1533 quamquam
1218 1462 1450 1536 interpretationi
1474 1463 1611 1522 Breviarii
1636 1465 1720 1538 [1166.
1734 1466 1797 1524 Val.
1811 1467 1859 1534 lV,
1873 1467 1898 1540 l]
1923 1465 2028 1523 similia

578 1559 652 1624 sunt,
673 1554 793 1611 Isidorus
811 1551 855 1609 vel
874 1553 973 1609 auctor
990 1549 1051 1608 cius
1069 1568 1123 1607 nou
1142 1568 1175 1607 ex
1193 1551 1256 1625 lege
1276 1552 1403 1610 11666666
1420 1552 1647 1628 Visigotborum,
1665 1556 1714 1611 sed
1732 1554 1829 1629 potius
1846 1573 1881 1614 er
1899 1554 1960 1613 iure
1977 1554 2028 1611 illo

579 1640 826 1702 consuetudinario
843 1638 995 1712 sumpsisse
1008 1638 1127 1708 videtur,
1144 1638 1228 1711 quod,
1247 1644 1280 1699 ut
1298 1639 1459 1698 huiusmodi
1473 1641 1583 1699 ‘mutua
1595 1642 1776 1701 testamenta'
1786 1642 1875 1701 etiam
1891 1643 2028 1701 formulae

579 1731 775 1805 Visigotbicae
800 1731 832 1786 et
855 1727 1068 1784 Andecasenses
1094 1726 1245 1798 praebent,
1272 1744 1305 1784 ex
1333 1728 1459 1784 fontibus
1483 1728 1617 1784 Romanis
1640 1729 1870 1800 Germanicisque
1896 1730 2029 1787 haustum

580 1816 742 1876 discrimina
763 1815 858 1887 logum
875 1812 1045 1883 scriptarum
1063 1812 1208 1882 utriusque
1230 1813 1356 1869 nationis
1373 1831 1534 1884 exaequans
1557 1813 1627 1869 iuris
1649 1814 1873 1873 uniformitatem
1894 1820 1995 1888 postea
2012 1833 2031 1872 a

581 1905 693 1977 regibus
711 1901 871 1960 ordinatam
888 1896 1042 1955 antecessit
1059 1901 1089 1955 et
1106 1898 1300 1969 praeparavit.

667 2003 874 2063 Iteocesvindus
891 2019 916 2058 a
929 2003 981 2058 651
998 2018 1070 2057 novo
1089 2001 1185 2059 codice
1204 2002 1281 2058 edito
1306 2019 1361 2059 non
1380 2003 1471 2060 solnm
1489 2003 1597 2061 Gothos
1618 2004 1668 2061 sed
1686 2004 1775 2062 etiam
1793 2005 1933 2063 Romanos
1950 2004 2031 2079 regui

581 2096 625 2153 sni
645 2095 700 2150 bac
723 2095 834 2148 tantum
855 2089 919 2162 lege
939 2087 1033 2145 vivero
1053 2088 1135 2146 iussit
1157 2089 1255 2160 itaque
1280 2089 1551 2148 6661616166161666
1575 2091 1646 2165 legis
1665 2091 1722 2149 vim
1741 2092 2031 2165 6661666666661161)

582 2185 701 2241 0666661
718 2179 806 2238 etiam
823 2175 971 2235 ecclesiam
989 2175 1057 2232 huic
1075 2180 1229 2248 praecepto
1248 2177 1495 2250 obtemperavisse,
1513 2196 1569 2250 quo
1588 2179 1697 2237 factum
1714 2185 1771 2248 est,
1790 2186 1823 2239 66
1841 2181 1886 2239 lex
1904 2180 2031 2238 11666666

582 2269 795 2344 visigothorum
812 2282 876 2322 mox
894 2264 924 2320 in
941 2262 1080 2335 Hispania
1097 2262 1127 2320 in
1145 2264 1316 2321 oblivionem
1335 2266 1451 2323 veniret.

669 2372 787 2444 Legitur
804 2369 917 2439 quidem
935 2368 963 2423 in
983 2368 1044 2423 vita
1063 2367 1166 2423 Iuliani
1185 2367 1312 2439 episcopi
1331 2369 1465 2426 Toletani
1483 2370 1510 2439 [t
1528 2369 1602 2440 6901,
1627 2390 1714 2443 qnam
1740 2389 1810 2427 unus
1833 2389 1868 2428 ex
1885 2372 1947 2428 eius
1968 2389 2029 2427 suc·

583 2457 737 2515 camoribus
755 2453 865 2509 nomine
883 2452 963 2508 Felix
982 2451 1134 2507 coniecisse
1152 2451 1265 2518 dicitur,
1286 2453 1451 2523 episcopum
1469 2454 1555 2509 etiam
1573 2453 1690 2510 ‘librum
1709 2455 1931 2527 responsionum'
1947 2456 2032 2525 scrip

582 2544 651 2598 sisse
667 2541 713 2596 ‘in
725 2538 913 2596 defensionem
931 2553 1067 2591 canonum
1086 2538 1116 2590 et
1133 2535 1237 2607 legum,
1255 2536 1359 2606 quibus
1376 2537 1564 2608 prohibentur
1576 2537 1738 2595 Christiana
1754 2540 1899 2611 mancipia
1913 2539 2033 2596 dominis

583 2626 742 2682 infidelibus
769 2622 923 2680 deservire'.
966 2619 1105 2675 (16666666
1131 2619 1167 2689 [1,
1186 2621 1268 2690 26111
1295 2620 1473 2678 coniecturae
1498 2622 1593 2679 favere
1618 2622 1820 2681 616666611166
1846 2624 1935 2697 leges,
1963 2642 2034 2696 quas

584 2712 709 2770 16116666
727 2709 909 2775 defendisset,
933 2706 1007 2762 inter
1025 2704 1166 2762 Romanas
1184 2723 1244 2763 esse
1259 2707 1436 2779 'quaerendas
1454 2708 1517 2779 [Tb.
1530 2726 1592 2781 gen.
1606 2708 1710 2778 XVl,9
1728 2710 1773 2768 vel
1791 2710 1837 2766 116.
1848 2710 1985 2778 116111,
1998 2711 2033 2783 11.

584 2798 719 2867 Quamvis
736 2796 807 2854 mihi
826 2796 935 2853 6666161
955 2793 1096 2850 lulianum
1114 2810 1146 2850 ex
1165 2792 1306 2866 prioribus
1324 2794 1430 2853 estatis
1447 2813 1515 2853 suae
1534 2795 1615 2853 aunis
1632 2797 1771 2855 Breviorii
1788 2797 1922 2856 notitiam
1940 2816 2034 2855 serva·

586 2889 670 2959 visse,
697 2891 790 2945 tamen
816 2883 846 2941 16
869 2882 920 2940 1116
938 2881 1011 2940 libro
1029 2881 1240 2956 responsionum
1262 2900 1327 2941 oum
1348 2882 1444 2958 potins
1467 2884 1591 2960 legibus,
1615 2903 1686 2959 quas
1709 2904 1789 2961 roges
1807 2884 1978 2962 Vieigothici
2000 2903 2034 2945 ex

585 2976 760 3052 temporibus
785 2970 937 3032 1166666661
965 2974 1064 3029 sonim
1086 2971 1204 3030 Iudaeos
1229 2970 1391 3044 ediderunt,
1417 2992 1497 3032 usum
1526 2991 1586 3033 essa
1612 2974 1705 3044 66666,
1733 2994 1851 3047 quarum
1878 2975 2035 3049 complures

586 3067 704 3124 1666666
721 3062 874 3137 prohibent
891 3059 1053 3118 Christiana
1071 3059 1215 3131 mancipia
1232 3061 1337 3119 babere
1356 3061 1422 3133 [LV.
1442 3061 1714 3132 1116161616
1732 3064 1950 3135 1111612661.

676 3172 773 3242 Neque
798 3187 816 3224 a
840 3164 1014 3239 temporibus
1039 3163 1252 3223 constitutionis
1276 3164 1355 3223 illius
1377 3164 1633 3225 Itsccesvindianae
1657 3166 1687 3223 in
1712 3167 1856 3226 codicibus
1878 3168 2034 3242 Hispaniae

377 3265 561 3334 16616611οωί6
585 3261 679 3318 adhuc
696 3257 851 3330 quidquam
869 3252 984 3325 reperiri
1005 3252 1114 3325 potnit,
1139 3253 1213 3324 quod
1236 3254 1274 3310 66
1292 3253 1429 3310 1166616611
1451 3254 1585 3311 notitiam
1601 3254 1698 3311 referri
1721 3258 1818 3326 posset
1841 3258 1960 3328 excepto
1984 3255 2035 3312 1116

457 3346 481 3388 at

522 3406 529 3419 ,
586 3347 691 3412 666166,
708 3343 757 3416 qui
775 3343 804 3398 16
823 3341 1001 3399 bibliotheca
1017 3340 1182 3398 monasterii
1195 3340 1399 3414 Rivipullsnsis
1416 3342 1529 3400 saeculo
1548 3343 1696 3400 undecimo
1714 3342 1800 3400 661666
1813 3343 1931 3400 videtur.
1961 3342 2036 3399 Nam

375 3406 548 3473 ΨΜ·
585 3433 767 3493 6166661666
786 3431 856 3502 [Nn
874 3428 993 3500 v1,aeal
1018 3446 1068 3484 666
1092 3428 1201 3496 666616,
1226 3429 1374 3502 catalogus
1396 3429 1531 3485 librorum
1555 3428 1680 3486 eiusdem
1703 3429 1831 3486 coenobii
1851 3429 1964 3487 maculo
1988 3448 2036 3486 nn·

586 3521 695 3580 decimo
720 3520 894 3592 conscriptus
919 3515 1004 3574 bodie
1028 3533 1093 3572 vero
1119 3516 1176 3572 iam
1198 3515 1362 3587 deperditus
1389 3515 1463 3574 inter
1485 3521 1592 3574 ceteros
1614 3516 1701 3573 libros
1724 3517 1761 3573 66
1786 3516 1879 3574 varias
1902 3516 2038 3574 6616661661

585 3612 749 3682 spectantes
765 3625 820 3664 non
838 3606 928 3663 solum
947 3603 1025 3660 illius
1043 3602 1148 3659 codicis
1165 3602 1289 3659 eiusdem
1308 3602 1423 3671 saeculi,
1441 3604 1491 3675 qui
1509 3603 1593 3660 hodie
1611 3601 1641 3658 in
1659 3602 1786 3661 archivio
1804 3621 1923 3661 coronae
1940 3602 2036 3677 regiae

586 3696 745 3771 dragoniae
766 3690 986 3751 Barchinonensi
1008 3691 1166 3763 seponitur,
1193 3689 1365 3749 mentionem
1389 3690 1472 3760 16616,
1495 3710 1551 3763 quo
1574 3693 1686 3764 praetor
1709 3691 1843 3748 nonnulla
1865 3689 2038 3763 capitularia

587 3784 681 3841 Caroli
699 3783 797 3853 Magni
815 3779 902 3837 etiam
923 3777 1051 3850 Ansegisi
1070 3777 1267 3834 collectionem
1285 3778 1447 3834 continente
1465 3778 1599 3834 Baluaius
1617 3783 1647 3835 et
1665 3777 1791 3835 Pertaius
1808 3782 1839 3835 et
1855 3777 1986 3834 Boretius
2008 3777 2038 3831 in

587 3867 760 3925 editionibus
778 3864 978 3935 capitularium
997 3879 1094 3933 regum
1113 3863 1281 3917 Francorum
1303 3862 1346 3917 usi
1370 3866 1450 3928 sunt,
1472 3862 1522 3918 666
1541 3861 1629 3917 etiam
1647 3862 1772 3918 codicem
1790 3862 1930 3933 quendam
1949 3861 2038 3932 ‘legis

588 3952 741 4009 Romanae’
758 3950 968 4016 commemorat,
993 3964 1049 4017 qno
1069 3946 1180 4002 nomine
1199 3953 1267 4003 tunc
1289 3947 1319 4002 16
1337 3947 1467 4020 partibus
1485 3946 1641 4019 Hispaniae
1660 3947 1707 4003 vix
1724 3947 1813 4004 alium
1831 3947 1935 4004 librum
1952 3963 2037 4017 quam

588 4038 763 4097 Breviorinm
781 4035 889 4093 Alarici
907 4033 1073 4108 intellegere
1093 4051 1247 4106 possumus.
1278 4033 1360 4091 Alter
1378 4034 1465 4092 codex
1483 4033 1683 4107 [Legionemis
1702 4035 1758 4092 bac
1776 4032 1900 4092 editione
1918 4032 1954 4104 Η]
1972 4036 2039 4089 ante

588 4126 809 4186 Beccesvindnm
830 4123 953 4198 scriptus
976 4123 1074 4195 paullo
1098 4127 1163 4194 post
1185 4122 1269 4179 buius
1291 4121 1366 4195 regis
1389 4121 1632 4194 constitutionem,
1658 4141 1742 4194 quam
1765 4141 1852 4196 snpra
1875 4137 2040 4179 commemo·

589 4215 726 4286 ravimus,
750 4213 904 4285 rescriptos
930 4216 974 4271 est
999 4210 1094 4270 etita
1117 4210 1154 4268 66
1181 4228 1230 4267 nos
1254 4209 1385 4283 pervenIt
1407 4211 1571 4284 {Mommsen
1598 4209 1627 4267 in
1654 4210 1699 4267 bis
1720 4209 1929 4285 Prolegomcuis
1954 4225 2041 4282 supra

589 4324 618 4379 p.
636 4304 730 4376 LXXl.

678 4409 723 4464 166
739 4405 809 4462 16616
827 4404 945 4462 Romani
964 4404 1099 4462 librorum
1116 4404 1222 4461 notitia
1239 4404 1268 4459 in
1288 4403 1428 4476 Hispania
1445 4402 1569 4469 evanuit,
1590 4403 1678 4459 66666
1697 4404 1809 4460 maculo
1827 4401 1936 4460 decimo
1954 4399 2041 4457 tortio

590 4494 683 4553 medio
706 4493 773 4550 libri
796 4492 866 4549 iuris
883 4489 1052 4548 Iustinianei
1076 4490 1182 4546 ibidem
1204 4494 1408 4561 pernotuernut
1426 4488 1541 4560 [Gourat
1559 4490 1580 4556 l,
1597 4489 1651 4561 331.
1686 4488 1752 4545 Non
1770 4488 1956 4544 omittendum
1976 4503 2041 4542 vero

591 4587 635 4640 est
652 4581 831 4639 Uesticorum
848 4577 1082 4646 Barchinouiae¹)
1103 4577 1159 4633 duo
1182 4576 1280 4648 capita
1297 4577 1335 4634 66
1352 4575 1528 4634 Breviarium
1545 4574 1652 4632 Alarici
1673 4579 1811 4646 spectare.
1846 4574 1918 4630 Sunt
1938 4590 1972 4629 ex
1990 4571 2042 4628 illa

592 4674 673 4742 parte
695 4668 885 4735 Uestinorum,
909 4680 983 4735 quae
1009 4680 1063 4719 non
1091 4663 1128 4720 66
1152 4661 1273 4735 primam
1296 4662 1488 4719 redactionem
1514 4660 1651 4734 pertinet,
1675 4661 1725 4718 666
1750 4679 1765 4717 6
1792 4660 1904 4734 legibus
1930 4657 2043 4715 comitis

592 4754 744 4813 1161666661
762 4749 935 4825 Berengarii,
953 4749 1003 4822 qui
1020 4767 1093 4808 anno
1113 4751 1180 4808 1016
1198 4749 1284 4818 obiit,
1303 4754 1437 4822 excerpta
1454 4753 1505 4807 666
1540 4749 1619 4806 11666
1637 4748 1745 4820 capita,
1763 4747 1787 4804 si
1806 4745 1917 4803 Fickeri
1936 4745 2042 4817 opinio

592 4861 656 4901 nem
673 4841 822 4914 sequimur,
841 4858 905 4898 cum
922 4839 989 4896 aliis
1006 4838 1090 4895 huius
1107 4837 1284 4896 collectionis
1296 4836 1334 4894 ab
1346 4835 1552 4893 iurisconsultis
1564 4835 1648 4892 buius
1660 4833 1772 4891 comitis
1785 4853 1820 4892 ex
1832 4830 1959 4892 extremi
1976 4831 2044 4887 iuris

592 4931 718 4990 fontibus
735 4929 839 4986 hausta
855 4931 929 4985 sunt.
965 4925 1055 4985 Nemo
1073 4928 1129 4992 666,
1151 4923 1201 4997 qui
1224 4924 1323 4982 666661
1344 4922 1556 4981 iurisconsultus
1577 4922 1676 4982 666666
1699 4941 1733 4981 ex
1755 4922 1817 4996 ipso
1840 4920 1937 4979 666166
1955 4919 2044 4976 Alari-

584 5018 675 5076 -ciano
693 5017 852 5090 sumpsisse.
1775 5049 1778 5055 .

683 5221 904 5290 ι1666666116
922 5221 1019 5284 XXIII,
1032 5216 1132 5284 484sq.
1167 5219 1271 5269 Patella
1287 5216 1314 5268 iu
1332 5216 1440 5283 Digesto
1458 5215 1567 5267 Italiano
1585 5215 1617 5277 V,
1630 5213 1690 5268 977.

683 5325 705 5392 ¹)
724 5326 764 5379 66.
776 5324 876 5378 (116666
894 5323 922 5374 16
932 5320 1019 5374 ‘lissei
1031 5339 1077 5374 sur
1088 5321 1213 5373 l'hiatoire
1224 5319 1260 5371 66
1272 5319 1339 5372 66611
1351 5319 1462 5383 16666616
1480 5335 1516 5370 66
1534 5333 1627 5385 moyen
1639 5314 1697 5384 age’
1723 5318 1798 5370 Paris
1811 5312 1886 5382 1846,
1904 5316 1937 5379 11,
1946 5313 1999 5368 465
2007 5329 2046 5380 sq.

595 5398 642 5449 616.
661 5395 754 5447 1116166
773 5394 801 5446 16
819 5392 922 5446 loson.
940 5391 1014 5444 'l'om
1032 5390 1117 5459 suppl
1137 5392 1175 5452 lI,
1198 5405 1222 5457 p.
1234 5385 1286 5441 261
1296 5405 1335 5455 sq.
1370 5389 1499 5440 06666166
1517 5386 1548 5453 [1,
1564 5386 1617 5439 63·
1634 5395 1661 5440 61
1676 5358 1757 5454 4101]
1775 5387 1841 5439 baso
1857 5384 1962 5452 alisque
1980 5385 2046 5451 frag·

596 5474 682 5519 menta
699 5463 844 5518 collectioni
862 5463 997 5528 aliquanto
1015 5469 1073 5531 post
1090 5461 1186 5513 Inserta
1204 5474 1261 5511 6666
1278 5463 1360 5526 putat.
