5250 6350
1329 798 1855 859 numerumve

1281 1056 1418 1111 lust.
1439 1055 1519 1119 12,
1541 1057 1588 1121 1,
1613 1059 1638 1114 l

2533 675 2599 689 —
2670 645 2941 705 XIX—-

2293 803 2860 862 THEODOSIANVS
3474 805 3720 864 IVS'HN
3727 806 3953 870 IANVS

2192 947 2689 1000 THEDDUHIANI
2735 944 2952 1001 LIBER
2997 944 3274 1002 SEXTVS

1997 1063 2022 1118 l
2061 1062 2152 1133 [de
2188 1063 2585 1135 dignitatibus}
3249 1066 3377 1130 12,1
3420 1089 3485 1113 ==

1989 1146 2024 1198 2
2061 1145 2128 1201 de
2164 1148 2444 1200 uenatorio
2481 1148 2765 1220 flignilnto

1990 1229 2024 1285 8
2059 1230 2130 1285 de
2167 1228 2414 1301 praediis
2449 1232 2771 1288 senatorum

3249 1319 3296 1385 1,
3319 1317 3388 1374 89
3424 1318 3495 1375 de
3530 1316 3715 1375 officio
3750 1320 4072 1389 praetorum

1987 1400 2025 1457 4
2056 1401 2126 1457 de
2161 1400 2515 1473 praetoribus
2551 1403 2611 1459 et
2646 1402 3038 1472 quaestoribus
3252 1404 3331 1470 12,
3349 1406 3383 1459 2
3420 1405 3488 1460 de
3506 1402 3861 1475 praetoribus
3883 1407 3945 1460 et
3967 1403 4174 1461 honoro

3348 1491 3647 1561 praeturas
3681 1494 3772 1544 ost.

1987 1571 2021 1627 5
2058 1574 2124 1627 ut
2158 1572 2506 1644 dignitatum
2541 1574 2677 1630 ordo
2712 1576 2965 1631 servetur
3252 1575 3330 1639 12,
3348 1573 3384 1630 8
3420 1597 3487 1648 t-Jt
3877 1566 3884 1573 ⁹

1987 1658 2021 1712 6
2056 1657 2127 1715 de
2162 1657 2508 1724 consulibus,
2545 1659 2863 1730 praefectis,
2905 1659 3194 1732 magistris
3250 1658 3384 1725 12,8
3421 1682 3488 1706 =

2055 1741 2304 1799 militum
2340 1745 2401 1799 et
2435 1742 2696 1814 patriciis

1989 1828 2021 1880 7
2055 1827 2125 1883 de
2154 1826 2456 1899 praesectis
2480 1828 2767 1900 praetorio
2801 1827 2920 1886 sive
2944 1827 3100 1886 urbis
3134 1832 3195 1887 et
3249 1827 3386 1894 12,4

2056 1912 2347 1986 magistris
2380 1912 2628 1971 militum

1987 2000 2023 2057 8
2059 1998 2129 2058 de
2165 1998 2506 2073 praepositis
2540 1999 2690 2058 sacri
2726 1998 2974 2057 cubiculi
3251 2001 3332 2068 12,
3352 2001 3387 2057 5
3420 2000 3491 2058 de
3525 2018 3610 2074 pr.
3645 2020 3686 2057 s.
3720 2020 3767 2058 c.
3806 2003 3866 2058 et
3896 2001 3968 2061 do
4003 2000 4175 2059 omni·

3352 2086 3457 2144 bus
3491 2086 3852 2146 cubiculariis
3896 2090 3957 2145 et
4005 2086 4174 2159 privi-

3350 2172 3518 2246 legiis
3551 2191 3742 2232 eorum

1987 2258 2023 2315 9
2057 2260 2129 2316 de
2179 2257 2594 2330 quaestoribus,
2648 2258 2935 2333 magistris
2989 2259 3194 2318 officio·
3252 2258 3333 2326 12,
3353 2259 3387 2316 6
3424 2282 3490 2307 =

2055 2363 2203 2412 rum,
2252 2344 2458 2402 comite
2501 2361 2786 2402 sacrarum
2830 2344 3197 2418 largitionum

2058 2433 2119 2488 ot
2152 2448 2336 2487 rerum
2371 2430 2724 2502 privatarum

1958 2516 2024 2573 10
2057 2515 2127 2573 de
2163 2514 2482 2589 primicerio
2517 2521 2579 2574 et
2611 2516 2851 2574 notariis
3251 2518 3331 2584 12,
3350 2518 3384 2574 ‘1
3418 2518 3490 2574 de
3537 2536 3623 2592 pr.
3670 2521 3731 2575 et
3784 2500 4175 2575 socundooerio

1960 2691 2018 2747 11
2059 2692 2128 2748 de
2163 2689 2454 2764 magistris
2487 2691 2815 2748 scriniorum
3250 2691 3330 2756 12,
3348 2606 3560 2747 3¹²2&-

1957 2778 2023 2834 12
2058 2778 2127 2833 de
2163 2776 2464 2834 comitibus
2500 2776 2919 2833 consistorianis
3252 2776 3420 2841 12,10
3455 2799 3522 2825 ==

1957 2863 2022 2918 13
2057 2863 2128 2919 de
2162 2861 2466 2918 comitibus
2500 2865 2562 2919 et
2599 2860 2841 2918 tribunis
2874 2862 3196 2918 scholarum
3251 2862 3415 2927 12,11
3456 2884 3523 2910 ===

1957 2946 2022 3003 14
2057 2947 2126 3002 de
2162 2946 2465 3002 comitibus
2498 2946 2579 3002 rei
2613 2945 2881 3003 militaris
3250 2945 3331 3010 12,
3355 2946 3420 3000 12
3456 2967 3525 2992 ==

1956 3034 2022 3088 15
2057 3032 2127 3089 de
2163 3030 2489 3097 comitibus,
2525 3033 2624 3103 qui
2663 3030 2993 3089 inlustribus
3028 3048 3194 3105 agon·
3562 3064 3568 3071 ·

2057 3117 2213 3174 tibus
2247 3116 2508 3174 adsident

1958 3205 2022 3260 16
2057 3202 2128 3260 de
2185 3202 2485 3259 comitibus
2552 3206 2613 3259 et
2680 3201 2981 3259 archiatris
3049 3203 3195 3260 sacri
3252 3202 3332 3267 12,
3353 3201 3420 3258 18
3454 3224 3521 3250 ==

2059 3287 2265 3359 palatii

1960 3372 2022 3429 17
2058 3372 2129 3429 de
2153 3370 2470 3438 comitibus,
2507 3371 2605 3443 qui
2640 3372 2961 3445 provincias
2992 3378 3197 3448 regunt
3250 3372 3334 3439 12,
3357 3372 3424 3430 14
3460 3395 3526 3421 ==

1959 3459 2024 3515 18
2058 3458 2128 3515 de
2164 3456 2465 3516 comitibus
2503 3459 2838 3518 vacantibus

1960 3545 2025 3601 19
2058 3544 2129 3601 de
2163 3544 2549 3602 consularibus
2583 3548 2646 3604 et
2679 3536 3033 3621 praesidibus

1955 3631 2025 3686 20
2059 3630 2129 3688 de
2173 3629 2474 3687 comitibus
2517 3631 2729 3688 ordinis
2779 3632 2947 3704 primi
2991 3633 3200 3691 artium

2062 3715 2405 3772 divmarum

1955 3799 2020 3855 21
2060 3799 2129 3856 [lo
2168 3803 2598 3872 professoribus,
2643 3802 2742 3873 qni
2786 3804 2845 3860 in
2886 3806 3025 3862 urbe
3061 3806 3198 3862 Con·
3256 3803 3423 3870 12,15
3460 3824 3525 3850 ==

2060 3887 2569 3956 amabil-:apolitana
2628 3888 2893 3948 docentes
2950 3910 3019 3949 ex
3071 3893 3198 3965 lege

2064 3970 2365 4032 meruerint
2399 3970 2725 4032 comitivam

1952 4058 2023 4114 22
2058 4059 2128 4116 de
2168 4059 2477 4116 honorariis
2516 4058 2793 4116 oodioillis

1953 4145 2023 4202 23
2058 4145 2130 4204 de
2168 4146 2561 4204 decurionibus
2596 4151 2657 4208 ot
2692 4150 3017 4208 silentiariis

1953 4235 2024 4291 24
2060 4235 2128 4293 de
2165 4234 2488 4293 domesticis
2524 4239 2585 4292 ot
2624 4239 3033 4308 proto-oboribuo

1953 4322 2021 4376 25
2058 4322 2127 4378 de
2163 4321 2506 4395 praepositis
2544 4322 2797 4380 labarum

1952 4405 2021 4459 28
2055 4405 2126 4462 de
2145 4406 2430 4475 proximis,
2448 4407 2749 4464 oomitihuo
2768 4411 3197 4480 dispositionum

2055 4489 2368 4559 ceterisque
2392 4491 2491 4560 qni
2523 4491 2582 4547 in
2607 4492 2783 4548 sacris
2806 4493 3026 4549 scriniis
3050 4494 3195 4550 mili·

1951 4657 2020 4711 27
2056 4575 2466 4733 &uigentibus
2502 4660 2561 4717 in
2596 4661 2763 4720 rebus

1951 4743 2019 4798 28
2054 4744 2124 4802 de
2160 4745 2516 4819 principibus
2551 4750 2821 4822 agentum
2856 4749 2916 4807 in
2952 4752 3116 4809 robus

1951 4830 2020 4885 29
2055 4829 2127 4889 do
2162 4831 2398 4890 curiosis

1952 4915 2023 4972 80
2057 4917 2125 4974 de
2176 4918 2450 4989 palatinis
2499 4937 2785 4977 sacrarum
2832 4920 3198 4996 largitionum

2056 5005 2117 5060 et
2150 5020 2332 5061 rorum
2369 5004 2720 5077 privatarum

1951 5087 2016 5143 81
2057 5089 2128 5145 de
2160 5092 2498 5151 stratoribus

1952 5174 2021 5230 82
2058 5176 2127 5233 de
2163 5178 2559 5236 castrensianis

1953 5347 2023 5405 88
2055 5347 2126 5406 de
2164 5350 2390 5408 decanis

1954 5435 2024 5496 84
2059 5436 2129 5498 do
2162 5437 2508 5499 mensoribus

3252 4151 3333 4219 12,
3356 4152 3421 4209 16
3458 4175 3525 4201 ·--·

3253 4238 3421 4304 1217
3457 4262 3525 4287 =

3252 4326 3334 4391 12,
3356 4326 3421 4383 18
3457 4349 3524 4375 =

3252 4412 3421 4476 12,19
3467 4412 3536 4467 de
3579 4409 3849 4480 proximis
3897 4427 4178 4465 sacrorum

3353 4494 3680 4550 scriniorum
3707 4493 4018 4562 ceterisque
4042 4511 4096 4562 q.
4121 4492 4179 4547 in

3350 4596 3394 4634 s.
3418 4597 3461 4634 s.
3487 4596 3559 4633 m.

3252 4661 3423 4728 12,20
3459 4687 3526 4711 =

3254 4748 3332 4815 12,
3350 4750 3416 4806 21
3457 4771 3524 4797 ==

3253 4834 3421 4900 12,ae

3253 4923 3423 4988 1228
3459 4945 3526 4971 ==

3256 5182 3423 5249 12,25
3475 5183 3546 5241 de
3600 5187 3768 5241 casta
3820 5186 3882 5240 st
3928 5184 4177 5248 ministo-

3353 5269 3530 5327 rianio

3255 5356 3424 5422 122⁸
3459 5379 3528 5406 ==

3258 5444 3424 5514 1287
3459 5466 3533 5499 ‘s
