5250 6350
1188 635 1226 646 -
1262 583 1397 662 eccm
1433 635 1467 647 -

599 745 738 836 'Romana
756 780 829 836 quae
847 748 1015 836 aequalibus
1031 762 1089 822 suis
1101 758 1175 821 'iuris
1187 761 1306 821 Romani
1320 761 1446 837 vulgaris
1463 759 1564 835 peritis
1581 759 1659 819 baud
1677 757 1777 833 ignota
1795 746 1858 825 leb,
1874 748 1923 814 'tot
1940 753 2051 829 capitu·

603 856 675 913 laria
693 855 797 929 fingere
814 871 903 925 neque
922 852 1118 912 constitutioni
1131 851 1348 911 -Sinuondienae
1366 851 1487 926 primae,
1508 869 1593 923 quam
1611 849 1640 907 in
1659 847 1756 906 codice
1775 845 1898 919 quodum
1917 843 2054 903 Breviarii

603 942 732 999 exlibro
754 941 963 1000 decimosexto
985 940 1174 999 'Fbeodmiani
1199 940 1314 1012 genuini
1339 944 1424 997 aucto
1447 939 1570 1005 invenit,
1595 937 1712 994 sormam
1738 934 1908 1008 capitularis
1930 933 2054 992 dedisset

603 1046 694 1099 neque
706 1028 823 1085 dixisset
840 1028 1032 1101 legislatorem
1050 1045 1113 1084 earn
1132 1029 1261 1083 consultu
1279 1026 1403 1084 omnium
1422 1026 1545 1084 fidelium
1564 1030 1624 1081 tam
1641 1024 1806 1081 clericorum
1818 1041 1904 1093 quam
1915 1022 2052 1078 laicorum

593 1119 638 1169 'ex
656 1113 729 1170 libro
744 1114 855 1170 decimo
873 1116 952 1171 sexto
970 1112 1076 1169 codicis
1094 1112 1283 1170 'l'beodosiani
1301 1113 1377 1170 inter
1392 1112 1522 1183 capitula
1540 1129 1591 1183 pro
1609 1111 1673 1183 lege
1691 1110 1813 1167 tenenda
1831 1108 1957 1180 posuisse
1975 1107 2054 1180 [Ben.

606 1199 670 1256 Iler.
684 1200 719 1268 11,
732 1201 799 1265 aee,
817 1199 854 1262 11.
868 1198 900 1255 0.
913 1198 966 1255 ut.
979 1199 1040 1267 1112,
1053 1199 1109 1270 91].

692 1302 836 1359 Postremo
853 1319 909 1358 non
926 1301 1039 1358 omnino
1057 1302 1244 1358 omittendum
1261 1301 1317 1357 erit
1338 1301 1506 1373 scriptorem
1523 1300 1666 1371 epitomae
1683 1299 1859 1372 Aegidianae
1879 1300 2054 1364 decurtatae,

605 1406 692 1459 quam
709 1389 797 1445 codex
817 1388 1015 1444 Ambrosianus
1033 1390 1067 1444 46
1080 1389 1128 1444 ini.
1147 1389 1256 1445 decimo
1274 1389 1388 1444 amenio
1412 1388 1547 1445 initalia
1568 1387 1784 1459 septentrionali
1808 1387 1953 1443 coniectus
1975 1385 2058 1443 nobis

606 1474 733 1546 praebet,
751 1474 781 1530 in
800 1473 939 1546 principio
957 1473 987 1529 in
1005 1473 1118 1530 rubrica
1135 1472 1286 1544 marginali
1300 1474 1387 1530 verba
1405 1474 1545 1545 posuisse:
1562 1473 1654 1529 ‘Haec
1672 1473 1950 1546 capitulaacar010
1968 1473 2058 1546 prime

607 1566 637 1620 et
651 1561 753 1634 Pipino
770 1560 828 1618 lilio
846 1560 906 1618 eius
924 1560 998 1619 inter
1016 1561 1094 1634 leges
1106 1561 1274 1618 Francorum
1292 1563 1409 1633 recepta
1427 1564 1457 1617 et
1475 1559 1569 1632 posita
1586 1560 1671 1618 sunt’
1699 1561 1777 1618 Haec
1795 1560 1932 1629 clausula.
1951 1560 1985 1618 de
2003 1578 2060 1634 qna

607 1649 681 1706 inter
698 1652 806 1707 ceteros
825 1648 971 1715 Gouratus,
989 1648 1115 1714 Patetta,
1134 1649 1164 1705 P.
1176 1648 1311 1704 Fonrnier
1328 1648 1483 1719 egeruntl),
1501 1647 1634 1714 ostendit,
1653 1648 1836 1718 quantumvis
1853 1648 1903 1705 ille
1922 1651 2057 1720 tempere,

606 1751 663 1803 quo
681 1740 820 1805 concepta
837 1739 888 1802 est,
907 1735 1001 1791 adhue
1018 1734 1048 1789 in
1066 1733 1201 1790 memoria
1213 1733 1306 1800 fuerit,
1325 1738 1461 1803 quantam
1474 1750 1571 1789 curam
1584 1732 1634 1788 ille
1647 1732 1800 1805 imperator
1812 1734 1899 1790 etiarn
1913 1733 2057 1791 Breviario

608 1825 702 1875 nostro
720 1819 903 1889 impendisset
922 1825 952 1875 et
968 1818 1065 1887 opinio
1078 1819 1200 1874 valumit
1212 1818 1344 1873 Carolum
1356 1817 1529 1873 Breviorium
1542 1817 1733 1873 Alarieianum
1750 1820 1781 1873 in
1798 1819 1876 1891 leges
1888 1818 2060 1874 mancorum

608 1904 755 1975 recepisse.
795 1905 946 1961 Praeterea
967 1904 992 1959 si
1014 1903 1108 1959 scriba
1129 1903 1220 1973 ipsius
1241 1903 1346 1958 codicis
1366 1902 1409 1958 vel
1433 1902 1507 1957 alius
1530 1901 1648 1957 Italicus
1672 1903 1746 1957 hanc
1767 1901 1908 1959 rubricam
1936 1908 1969 1959 ut
1990 1908 2062 1976 puto

609 1988 739 2058 coniecit,
757 1988 865 2045 decimo
883 1989 996 2046 saeculo
1014 1987 1102 2045 etiam
1120 1986 1149 2043 in
1168 1986 1277 2044 Italia
1294 1986 1511 2059 septentrionali
1527 1986 1656 2042 homines
1678 1985 1722 2044 ita
1739 1987 1774 2041 de
1793 1987 1937 2045 Breviario
1955 1987 2062 2061 cogita

611 2074 683 2132 risse
703 2073 841 2131 videntur.
876 2074 931 2133 eeu
954 2074 989 2131 de
1012 2074 1096 2131 rebus
1120 2076 1277 2147 temporum
1296 2071 1391 2131 Caroli
1415 2072 1496 2129 nobis
1518 2071 1590 2129 nihil
1616 2071 1686 2131 certi
1706 2074 1841 2144 praebere
1859 2078 1967 2148 potest,
1988 2074 2063 2147 quod

611 2161 692 2219 illurn
709 2178 764 2220 nen
782 2161 886 2235 trgiet
908 2160 958 2235 qui
980 2160 1048 2230 scit,
1071 2179 1156 2233 quam
1179 2160 1236 2219 cito
1260 2160 1319 2219 illis
1342 2179 1453 2235 queque
1478 2159 1651 2234 temporibus
1668 2159 1804 2219 momoria
1821 2179 1913 2221 rerum
1932 2166 2061 2222 actamor

612 2251 768 2324 varietur.¹)

380 2365 586 2419 graffium,
698 2347 804 2404 Multos
826 2366 877 2419 per
898 2366 986 2405 annos
1008 2345 1117 2403 inillis
1141 2345 1304 2418 regionibus
1321 2347 1380 2403 iere
1397 2362 1478 2404 omne
1496 2346 1540 2403 ins
1559 2347 1714 2403 ltomauum
1733 2365 1766 2403 ex
1785 2346 1931 2405 Breviasie
1949 2348 2061 2406 hauris·

399 2438 428 2487 e's
446 2434 566 2487 Francia
612 2432 705 2488 batur.
735 2432 851 2490 llaximi
868 2432 1003 2490 momenti
1021 2433 1050 2489 in
1069 2433 1199 2505 partibus
1217 2432 1459 2490 meridionalis
1472 2433 1606 2490 hanalae
1626 2438 1695 2501 erat,
1714 2433 1743 2490 in
1756 2434 1961 2505 quibusmulto
1974 2436 2065 2493 maior

396 2504 569 2558 ’'mma''-
613 2536 678 2591 pars
695 2518 801 2576 ibidem
819 2519 1013 2577 habitantium
1030 2524 1147 2593 propter
1164 2519 1302 2592 originem
1319 2520 1474 2577 Romanam
1499 2520 1561 2577 eius
1582 2519 1706 2577 rationes
1727 2526 1826 2578 secuta
1843 2527 1895 2579 est
1930 2522 2064 2594 Vigorem

612 2604 681 2661 iuris
703 2606 823 2662 Romani
846 2624 927 2678 reges
950 2609 1090 2663 auxerunt
1110 2605 1204 2662 edicto
1227 2605 1350 2663 Pistensi
1368 2607 1440 2676 (eet)
1463 2606 1625 2664 ordinantes
1647 2608 1675 2663 in
1701 2610 1830 2680 partibus
1854 2610 1925 2666 iuris
1945 2610 2064 2668 Romani

612 2693 738 2750 homines
756 2695 873 2765 propter
890 2693 1026 2751 nonnulla
1044 2692 1161 2749 crimina
1178 2692 1296 2765 publica
1313 2710 1369 2749 non
1387 2693 1445 2749 illis
1462 2693 1569 2766 poenis,
1586 2711 1660 2765 quae
1679 2694 1851 2766 capitularia
1868 2714 1967 2769 regum
1979 2697 2063 2756 Fran-

613 2797 707 2835 corum
725 2779 909 2849 censtituunt,
930 2780 1093 2838 afficiendos
1110 2780 1159 2837 sed
1177 2780 1330 2838 secundnm
1348 2780 1441 2853 legem
1460 2779 1520 2849 tori,
1538 2799 1612 2853 quae
1630 2781 1735 2840 ibidem
1754 2782 1882 2840 Romana
1901 2784 1964 2853 fuit,
1983 2784 2065 2858 puni-

612 2868 698 2924 endos
715 2884 783 2925 esse.
813 2866 886 2923 eliis
904 2885 920 2926 e
937 2868 1081 2941 capitibus
1097 2867 1184 2925 edicti
1204 2868 1295 2941 legem
1313 2867 1430 2941 originis
1448 2868 1638 2927 adhibendam
1649 2887 1709 2928 esse
1725 2869 1856 2944 intellegi
1873 2876 1978 2945 potest,
1991 2891 2065 2944 quae

613 2974 678 3013 vero
703 2958 844 3027 utsupra
868 2954 1002 3023 diximus,
1029 2955 1129 3013 incolis
1154 2956 1216 3015 eius
1241 2956 1366 3028 regionis
1390 2957 1554 3028 plerumque
1578 2956 1706 3015 Romana
1728 2963 1798 3017 erat.
1841 2960 1997 3018 Paullatim
2021 2962 2066 3019 ius

613 3042 769 3098 &menum
782 3043 810 3097 in
825 3041 956 3113 partibus
966 3042 1158 3099 meridionalis
1171 3042 1305 3100 Franciae
1324 3042 1368 3098 ius
1381 3048 1472 3100 terrae
1485 3044 1592 3100 lactum
1610 3047 1654 3101 est
1672 3044 1769 3116 itaque
1788 3045 1817 3101 in
1836 3046 1957 3117 iudiciis,
1972 3049 2065 3118 quood

613 3128 829 3184 consuetudines
841 3127 999 3186 contrariae
1012 3146 1066 3185 non
1079 3128 1256 3197 exstitemut,
1269 3146 1343 3199 quae
1355 3128 1410 3185 iuri
1427 3129 1535 3201 scripto
1548 3131 1764 3200 antecedebant,
1782 3132 1939 3204 promiscue
1957 3136 1988 3191 et
2005 3133 2065 3190 sine

402 3227 430 3279 ᾗ,
449 3225 567 3278 lamia
613 3212 673 3268 ullo
697 3212 857 3269 discrimine
881 3214 1103 3284 adhibebatur.⁸)
1142 3213 1197 3271 Sed
1219 3214 1306 3271 etiam
1333 3214 1362 3270 in
1386 3214 1659 3285 septentrionali
1683 3222 1766 3288 parte
1791 3217 1872 3288 regni
1895 3217 2064 3275 hancorum

381 3295 583 3363 ‘el’lmlrfmwlt
615 3298 734 3355 Romani
756 3299 785 3355 in
803 3299 862 3355 lero
880 3298 1024 3356 Breviario
1047 3300 1212 3367 utebantur,
1236 3300 1372 3370 quamdiu
1394 3300 1546 3358 secundnm
1565 3301 1703 3373 originem
1724 3303 1785 3359 eius
1803 3303 1905 3374 cuique
1928 3303 1972 3361 ius
1990 3305 2064 3363 dice·

614 3386 707 3442 batur.
744 3385 899 3442 Paullatim
922 3387 1058 3442 nonnulla
1082 3404 1116 3442 ex
1140 3386 1199 3444 iure
1222 3387 1348 3443 Romano
1367 3386 1503 3443 Breviorii
1527 3387 1557 3442 in
1582 3387 1625 3443 ins
1649 3389 1925 3446 consuetudinarium
1951 3390 2064 3448 illorum

616 3471 711 3526 linium
736 3472 952 3540 transierunt⁴),
976 3472 1100 3543 undique
1120 3490 1184 3530 vere
1203 3472 1341 3529 Breviarii
1360 3472 1576 3529 constitutiones
1593 3474 1653 3529 inre
1671 3476 1917 3537 consuetudinario
1943 3477 2065 3534 multum

616 3556 840 3615 immutabantur
861 3558 958 3630 itaque
982 3560 1023 3628 id,
1046 3560 1121 3630 quod
1142 3560 1329 3618 instmmenta
1353 3559 1466 3630 aliaque
1489 3560 1596 3631 scripta
1618 3560 1720 3633 ‘legem
1744 3562 1907 3619 Romanam'
1930 3563 1991 3620 sive
2013 3564 2067 3621 ‘ins

618 3643 783 3702 ilomunnm’
799 3645 957 3719 appellant,
975 3665 993 3705 a
1011 3645 1147 3705 Breviarii
1166 3645 1398 3720 dispositionibus
1417 3646 1499 3705 valde
1517 3647 1670 3718 discedit.¹)

451 3765 523 3816 laris
704 3753 751 3808 lue
773 3752 929 3810 Romanum
954 3753 1103 3810 Iustiniani
1128 3770 1194 3811 vero
1218 3759 1340 3826 excepta
1361 3752 1413 3810 illa
1434 3753 1539 3810 Iuliani
1561 3754 1687 3826 epitoma
1710 3758 1822 3827 praeter
1842 3756 2066 3829 Burgundianr⁸)

395 3835 537 3888 lucusiani
554 3834 582 3885 ῐπ
617 3844 684 3897 aute
707 3841 851 3897 saeculum
874 3841 1068 3898 duodecimum
1092 3841 1221 3899 omnibus
1243 3842 1379 3899 Francius
1397 3842 1619 3913 Germaniaeque
1642 3842 1772 3915 partibus
1797 3843 1909 3899 omnino
1935 3843 2065 3917 ignotum

403 3904 569 4028 Jffimm
617 3928 705 3999 iuit')
740 3927 851 3984 Primus
868 3928 987 3986 tortasse
1009 3928 1038 3984 in
1057 3929 1115 3985 illis
1132 3928 1311 3998 civilatibus,
1334 3946 1407 4000 qnae
1430 3948 1548 4004 regnum
1565 3928 1734 3987 Francorum
1757 3935 1872 3988 secutae
1899 3935 1993 4001 erant,
2019 3933 2068 3988 lvo

440 4046 539 4098 aedua.
617 4015 797 4073 Carnuteneis
813 4015 858 4072 ins
874 4016 1024 4074 lastiniani
1042 4016 1071 4074 in
1089 4017 1171 4074 libris
1187 4017 1246 4073 suis
1263 4016 1397 4074 adhibuit
1414 4021 1444 4076 et
1461 4017 1609 4090 excerpsit
1639 4020 1678 4075 At
1696 4016 1757 4091 ipse
1775 4036 1810 4077 ex
1827 4018 1962 4093 originali
1981 4038 2068 4077 unum

618 4100 743 4159 codicem
760 4101 853 4171 novit,
871 4103 1076 4161 Pundectamm
1093 4108 1124 4160 et
1142 4104 1356 4162 institutionum
1374 4104 1451 4161 locos
1468 4123 1502 4163 ex
1521 4106 1687 4177 compendio
1705 4105 1773 4164 iuris
1792 4105 1941 4164 iustiniani
1962 4106 2069 4175 hausit,

708 4316 729 4383 ¹)
747 4318 792 4369 eir.
811 4317 876 4369 haec
893 4317 1079 4383 Prolegemeua
1098 4336 1122 4386 p.
1136 4319 1285 4372 xxwi.

705 4412 728 4476 ¹)
748 4412 851 4465 Waits¹
870 4411 990 4476 111010.
1013 4442 1047 4455 -
1070 4415 1143 4480 Quae
1164 4417 1268 4482 quidem
1291 4416 1324 4468 de
1348 4416 1448 4484 origiue
1469 4431 1623 4483 magnorum
1650 4416 1714 4469 iuris
1736 4415 1883 4469 Germanici
1909 4413 1987 4468 medii
2012 4415 2070 4470 aeri

618 4484 636 4534 8
686 4482 787 4535 uterum
811 4483 916 4535 maculo
937 4484 1001 4535 Xlli
1027 4485 1202 4538 coniecturum
1228 4486 1346 4539 homiues
1371 4486 1423 4537 iam
1450 4486 1554 4538 maculo
1577 4486 1639 4537 XiV
1660 4487 1798 4547 senserint,
1826 4487 1957 4539 Henrlcus
1984 4486 2070 4554 diegel

619 4550 764 4672 &transtulit
777 4552 909 4674 ἓιῖἔοωιη.
922 4554 983 4606 min.
996 4553 1071 4606 Vind.
1084 4555 1116 4606 cl.
1129 4554 1192 4622 phil.
1205 4555 1265 4607 hist.
1277 4556 1355 4619 CXL,
1368 4570 1480 4621 quocum
1492 4557 1588 4621 center,
1606 4571 1674 4622 quae
1692 4555 1747 4623 ipse
1764 4557 1864 4623 scripsi,
1882 4556 1985 4609 21110.ἰ
1998 4556 2071 4622 XXI,

679 4638 718 4686 sq.
736 4636 751 4672 e
833 4658 840 4673 .

707 4714 729 4781 ⁸)
747 4718 867 4770 Bruuner
884 4719 904 4783 1,
921 4715 987 4782 268,
1009 4718 1103 4770 'Fardii
1117 4719 1169 4770 011.
1188 4716 1239 4770 201
1248 4737 1301 4785 sq.;
1325 4718 1421 4771 Coomt
1438 4721 1458 4783 1,
1471 4715 1536 4782 43⁸,
1560 4719 1680 4770 Brisasud
1699 4717 1732 4770 61
1751 4727 1778 4771 et
1795 4716 1847 4771 150
1854 4735 1892 4786 sq.
1912 4747 1944 4757 -
1961 4719 2071 4771 Senten-

619 4785 683 4851 tiam
705 4787 841 4838 consulum
864 4787 1050 4839 'Folossnerum
1074 4789 1137 4839 anni
1157 4786 1223 4839 1210
1246 4806 1277 4840 ex
1299 4789 1532 4841 consuetudinibus
1555 4795 1581 4840 et
1603 4787 1768 4840 libertatibus
1789 4789 1924 4840 'Foloaanis
1941 4789 2072 4840 'Fardidus

619 4854 647 4904 iu
664 4853 766 4908 libello:
784 4857 822 4907 Le
839 4856 907 4907 droit
924 4857 996 4923 prise
1012 4873 1047 4908 an
1064 4856 1146 4907 Xlii·
1163 4857 1241 4909 siecle
1259 4856 1351 4921 (leet)
1370 4875 1393 4924 p.
1407 4857 1442 4907 b'
1459 4858 1578 4923 praebet:
1597 4854 1658 4909 ‘ms
1675 4858 1835 4910 cousuetudo
1852 4859 1880 4909 in
1897 4859 1949 4910 hac
1965 4858 2071 4909 civitate

619 4925 754 4987 contraria,
772 4939 840 4990 quae
856 4925 907 4976 iuri
924 4928 1021 4993 scripto
1039 4928 1171 4992 praevalet
1188 4934 1271 4978 otest
1288 4927 1392 4993 penitus
1410 4921 1590 4978 obstsruauda.²

560 5036 562 5041 ¹
709 5019 730 5081 ι)
748 5019 885 5072 Caiileurcr
902 5019 980 5088 tisq.;
1004 5023 1036 5073 Δ.
1049 5022 1151 5086 Perdit,
1177 5023 1213 5072 Le
1235 5021 1302 5072 droit
1324 5021 1396 5088 prird
1420 5021 1479 5089 pb
1504 5022 1642 5089 praecipue
1664 5022 1865 5073 consuetudines
1887 5021 2072 5074 Atrebatenses

619 5083 766 5154 [coutumoa
783 5086 906 5155 d'Artaia]
926 5087 1102 5142 1283-1002
1118 5088 1267 5156 [u.1.1v,·2
1286 5090 1333 5142 cir.
1352 5092 1392 5141 Br.
1405 5091 1454 5142 'Fir¹
1474 5093 1506 5152 ll,
1520 5088 1574 5151 aa
1592 5088 1650 5170 int]
1669 5093 1793 5143 nominat

710 5182 732 5247 Ι)
750 5183 844 5234 'Fardii
858 5184 911 5235 011.
929 5182 980 5235 261
990 5201 1041 5249 sq.;
1060 5185 1146 5236 sunu
1161 5181 1178 5234 9
1195 5190 1222 5235 et
1241 5183 1280 5234 10.

680 5271 684 5277 ’
710 5274 733 5342 ⁸)
750 5277 848 5332 Conrat
865 5281 885 5343 1,
898 5276 932 5330 01
941 5295 993 5346 sq.;
1015 5279 1121 5330 Balban
1139 5279 1160 5344 1,
1172 5276 1236 5340 269;
1260 5278 1292 5341 11,
1306 5275 1358 5329 312
1376 5286 1402 5330 et
1420 5275 1501 5340 aee·;
1524 5278 1626 5329 Patstta
1648 5278 1675 5328 in
1693 5276 1984 5349 Riv.lr.111,³09sq.
2004 5282 2074 5333 banc

622 5346 726 5397 Conrati
743 5348 890 5414 opinionem
908 5349 1026 5416 denegat.
1419 5371 1423 5380 ·

710 5437 733 5507 ¹)
751 5440 846 5494 coarat
863 5444 883 5506 1,
896 5439 977 5511 tasq.
996 5450 1022 5496 et
1040 5439 1072 5496 11
1083 5459 1136 5511 sq.;
1155 5441 1276 5494 lirissand
1296 5438 1347 5495 110
1355 5459 1393 5510 sq.
1412 5450 1439 5494 et
1457 5437 1514 5495 116.
